2476 3712
186 180 225 232 '50
447 182 731 231 EPAMINONDAS.
765 180 840 229 8-10.

193 350 340 408 Messene
355 349 497 408 restituta
512 349 621 408 urbem
639 355 744 407 earum
765 346 929 406 obsidione
949 345 1098 406 clausit.’'

193 454 285 512 Haec
310 471 380 511 cum
406 452 544 525 dixisset,
571 461 651 510 risus
677 451 814 510 omnium
840 469 910 509 cum
935 449 1098 510 hilaritate

192 564 316 614 coortus
336 565 392 628 est,
412 573 514 632 neque
535 555 697 632 quisquam
716 554 808 613 iudex
826 573 920 612 ausus
932 562 984 616 est
999 553 1038 612 de
1054 561 1098 614 eo

191 659 271 717 ferre
287 658 474 735 suffragium.
521 659 572 717 Sic
586 667 606 718 a
621 657 736 718 iudicio
753 656 865 734 capitis
883 655 1016 715 maxima
1031 656 1096 715 dis-

192 761 286 820 cessit
300 761 406 838 gloria.
1136 773 1151 826 5

156 865 179 924 9
235 851 298 922 Hic
314 872 452 924 extremo
461 873 603 941 tempore
619 864 784 942 imperator
799 863 882 940 apud
898 862 1096 921 Mantineam

192 985 262 1026 eum
283 967 349 1026 acie
374 976 523 1042 instricta
548 967 697 1026 audacius
722 975 852 1025 instaret
874 965 1025 1037 hostibus
1043 973 1095 1025 cf>-

191 1069 326 1146 gnitusa
342 1071 605 1143 Lacedaemoniis,
619 1070 702 1146 quod
719 1069 750 1127 in
767 1079 857 1128 unius
872 1068 1008 1145 pernicie
1023 1068 1093 1128 eius

113 1243 114 1246 Ἴ
192 1173 310 1250 patriae
333 1173 423 1232 sitam
445 1174 597 1250 putabant
620 1173 759 1246 salutem,
784 1172 918 1232 aniversi
939 1171 971 1229 in
996 1181 1093 1229 tinum
1125 1175 1126 1178 ’

192 1276 340 1352 impetum
362 1277 502 1336 fecerunt
524 1295 624 1352 neque
648 1276 733 1353 prius
757 1276 975 1335 abscesserunt
998 1293 1092 1350 quam
1115 1297 1145 1332 10

193 1389 305 1456 magna
333 1379 430 1439 caede
459 1380 624 1456 multisque
654 1388 765 1438 occisis
793 1377 960 1437 fortissime
990 1377 1092 1453 ipsum

195 1485 440 1559 Epaminondam
470 1493 667 1560 pugnantem,
699 1490 791 1559 spara
820 1481 941 1540 eminus
970 1499 1093 1557 percus-

159 1591 270 1658 2sum,
294 1586 457 1645 concidere
479 1586 629 1644 viderunt.
677 1585 780 1644 Haius
803 1593 877 1643 casti
899 1583 1091 1660 aliquantum

194 1689 341 1748 retardati
367 1698 439 1747 sunt
466 1688 594 1761 Boea'tii,
621 1707 722 1766 neque
749 1699 852 1747 tamen
877 1687 962 1764 prius
987 1697 1091 1764 pugna

160 1799 392 1856 3excesserunt
421 1811 513 1868 quam
547 1799 754 1868 repugnantes
790 1791 1000 1869 profligarunt.
1030 1793 1141 1865 vAt15

196 1896 436 1971 Epaminondas
461 1915 531 1954 cum
558 1894 815 1954 animadverteret
841 1887 1032 1954 mortiferum
1058 1901 1091 1953 se

194 1997 305 2056 volnus
320 1997 478 2074 accepisse
498 1998 659 2075 simulque,
677 2006 703 2057 si
722 1998 846 2070 ferrum,
864 1998 947 2073 quod
967 2017 1003 2055 ex
1023 1997 1091 2056 has-

195 2100 241 2158 tili
252 2100 421 2177 incorpore
431 2110 628 2172 remanserat,
640 2100 830 2173 extraxisset,
842 2100 975 2158 animam
988 2099 1090 2158 statim

195 2210 385 2276 emissurum,
410 2223 508 2279 usque
532 2212 570 2264 ea
599 2203 724 2263 retinuit
753 2204 856 2281 quoad
885 2203 1090 2262 renuntiatum

161 2321 179 2370 4
195 2315 243 2365 est
254 2306 365 2365 vicisse
380 2307 533 2366 Boeotios
561 2381 563 2384 v
580 2308 618 2366 id
633 2316 798 2384 postquam
811 2306 937 2379 audivit,
952 2305 1089 2377 “Satis”
1109 2330 1140 2365 20

196 2409 303 2485 inquit,
322 2417 339 2444 “
349 2419 431 2468 vixi:
458 2410 592 2468 invictus
616 2410 698 2468 enim
722 2409 864 2469 morior.''
908 2410 988 2467 Tum
1010 2409 1091 2468 ferro

195 2521 333 2572 extracta
349 2512 513 2572 confestim
528 2512 721 2572 exanimatus
736 2521 791 2572 est.

147 2621 193 2682 10
238 2618 301 2675 Hic
316 2623 441 2676 uxarem
461 2635 628 2692 numquam
643 2616 738 2675 duxit.
780 2619 818 2674 In
834 2623 896 2692 qua
911 2633 979 2674 cum
995 2633 1091 2691 repre·

196 2719 383 2778 henderetur
406 2718 504 2802 (quod
526 2719 640 2778 liberos
661 2727 722 2778 non
744 2718 944 2799 relinqueret)
967 2727 986 2776 a
1009 2717 1091 2776 Pelo

196 2821 279 2899 pida‚
297 2831 349 2897 qui
368 2821 467 2880 filium
489 2821 625 2880 habebat
646 2823 800 2894 infamem,
817 2821 958 2897 maleque
976 2820 1089 2879 eumin
1107 2843 1137 2894 25

238 2994 254 3044 6
272 2996 391 3046 extrema
411 2995 542 3059 tempore,
562 2999 696 3057 postremo.
710 3007 767 3056 —7
793 2995 920 3059 instaret,
944 2998 1091 3057 urgeret.-

196 3078 211 3127 8
241 3077 369 3142 pernicia,
396 3085 481 3126 morte.
494 3091 556 3140 -9
572 3078 702 3143 universi,
732 3082 824 3126 omnes.
837 3106 870 3115 —
885 3092 914 3142 13
948 3077 1089 3140 concidere,

196 3164 289 3211 cadere.
298 3190 331 3197 -
342 3173 372 3226 15
389 3161 575 3226 profligarunt,
594 3163 623 3210 in
633 3162 729 3226 sugam
743 3162 916 3210 dedirunt.-
927 3159 955 3214 18
975 3160 1092 3214 animm

196 3245 369 3310 emissurum,
383 3246 550 3294 maritarum.
