2476 3712
200 193 234 244 32
485 190 718 238 ALCIBIADES.
753 204 777 254 3,
786 204 810 251 4.

1055 303 1070 334 0

202 359 233 419 in
249 367 287 419 er')
301 360 459 419 habebant
474 357 646 431 maximam,
663 358 827 417 sedetiam
849 358 998 432 timerem,
1015 361 1104 436 quod

168 473 185 523 6
202 473 233 522 et
248 464 358 524 obesse
374 462 536 539 plurimum
555 472 587 521 et
606 463 754 540 predesse
776 470 903 538 poterat.
949 465 1104 540 Asperge-

201 568 292 627 betur
320 566 413 625 etiam
442 565 576 638 infamia,
608 566 691 642 quod
720 564 751 622 in
781 566 873 624 dome
905 575 961 624 sue
996 566 1103 625 lacere

201 669 345 749 mysteria
360 669 539 740 dicebetun
570 669 654 745 quod
675 669 763 727 nefais
786 678 852 727 erat
873 676 957 728 mere
973 668 1103 728 Atheni-

202 773 330 846 ensium,
347 771 440 848 idque
463 779 526 831 nen
548 772 587 830 ad
613 771 800 855 religienem,
818 772 873 830 sed
897 772 937 830 ad
963 771 1103 840 coniirre·
1140 787 1155 840 5
1223 807 1224 870 l

202 877 317 938 tienem
332 876 485 952 pertinere
501 875 741 935 existimabatur.
776 876 778 885 ’

165 986 189 1045 4
245 982 317 1041 Huc
333 979 459 1039 crimine
475 979 507 1036 in
523 979 667 1038 centibne
683 978 722 1036 ab
743 979 875 1038 inimicis
896 979 1103 1056 compellebai·

84 1069 87 1073 ¹
201 1092 258 1142 tur.
303 1083 364 1154 Sed
380 1083 516 1142 instebat
536 1091 658 1158 tempus
680 1082 719 1140 ad
741 1082 855 1140 bellum
874 1083 1099 1163 proficiscendi,

203 1187 241 1245 Id
256 1185 305 1246 ille
321 1185 445 1245 intuens
461 1204 561 1261 neque
584 1193 728 1262 ignerens
750 1186 861 1244 civium
884 1193 1007 1245 suerum
1029 1193 1102 1245 cen-

202 1289 396 1350 suetudinem
421 1289 606 1366 postulebat,
633 1298 658 1347 si
682 1288 757 1365 quid
779 1289 818 1348 de
843 1296 876 1348 se
902 1298 952 1367 agi
975 1289 1098 1362 vellent,
1124 1310 1155 1346 10
1223 1289 1224 1356 Ῐ

201 1393 305 1470 potius
320 1393 359 1451 de
374 1402 536 1469 praesente
549 1392 689 1468 quaestie
703 1393 867 1451 haberetur
878 1411 971 1468 quam
986 1393 1100 1452 absens

168 1496 336 1556 2invidiae
366 1495 491 1554 crimine
521 1502 724 1555 acciisairetur.
781 1495 903 1555 Inimici
931 1503 1004 1557 vere
1034 1496 1100 1555 eius

202 1598 424 1686 quiescendum
438 1599 470 1657 in
485 1609 649 1677 praesenti,
666 1598 739 1674 quia
753 1607 857 1660 noceri
877 1608 906 1658 ei
926 1607 988 1660 nen
1008 1618 1100 1677 posse

202 1703 430 1780 intellegebant,
447 1713 479 1762 et
493 1703 569 1763 illud
590 1713 712 1780 tempus
735 1704 976 1780 exspectandum
999 1704 1101 1763 decre

201 1814 312 1866 verunt
347 1814 409 1884 que
441 1815 564 1880 exisset,
595 1817 628 1866 ut
658 1808 817 1866 absentem
852 1807 1099 1885 aggrederentur,
1122 1819 1155 1872 15

166 1910 305 1987 3itaque
325 1911 473 1970 fecerunt.
529 1913 609 1970 Nam
631 1920 796 1988 postquam
818 1911 849 1969 in
874 1910 1008 1970 Siciliam
1030 1929 1100 1970 eum

201 2013 379 2091 pervenisse
395 2013 599 2088 crediderunt,
613 2015 782 2088 absentem,
796 2016 879 2091 quod
895 2033 981 2074 sacra
992 2013 1102 2074 violes-

202 2128 257 2191 set,
274 2137 360 2177 reum
379 2119 527 2177 fecerunt.
571 2118 643 2192 Que
664 2119 703 2177 de
729 2125 761 2178 re
787 2137 857 2177 cum
880 2127 909 2178 ei
935 2117 1059 2177 nuntius
1082 2127 1102 2178 e

201 2221 384 2298 magistrate,
402 2221 434 2279 in
454 2220 589 2280 Siciliam
610 2230 722 2281 missus
744 2231 835 2293 esset,
859 2231 893 2280 ut
914 2221 1038 2280 domum
1061 2222 1102 2281 ad

202 2344 328 2384 eausam
353 2325 517 2384 dicendam
543 2325 664 2397 rediret,
681 2334 825 2400 essetque
849 2324 880 2382 in
906 2333 1019 2402 magne
1045 2331 1102 2400 spe
1121 2346 1156 2382 20

201 2428 378 2505 previnciae
399 2428 480 2487 bene
503 2427 772 2501 administrandae,
788 2435 852 2489 nen
873 2435 980 2504 perere
1003 2427 1102 2488 neluit

135 2523 140 2528 ’
202 2542 233 2592 et
262 2532 293 2590 in
324 2531 486 2606 triremem,
515 2551 594 2609 quae
624 2532 663 2590 ad
692 2550 762 2590 eum
777 2541 843 2591 erat
874 2531 1102 2608 deportandum

167 2645 303 2709 emissa,
329 2635 478 2694 ascendit.
525 2637 595 2694 Hec
619 2635 752 2695 Thuries
776 2634 808 2692 in
830 2629 954 2693 ltaliam
978 2641 1103 2711 pervec-

201 2749 259 2810 tus,
276 2738 372 2799 multa
393 2746 496 2798 secum
522 2748 668 2815 reputeris
695 2739 734 2797 de
760 2738 961 2804 immoderate
988 2737 1101 2796 civium

202 2849 326 2902 suerum
348 2841 472 2901 licentie
494 2842 735 2918 crudelitateque
758 2850 829 2918 erge
855 2840 984 2914 nebiles,
1007 2840 1102 2900 utilis·
1122 2864 1136 2898 2
1142 2864 1156 2916 5

243 2966 499 3041 7compe11iibatur,
529 2976 788 3038 appellabam-9
812 2974 931 3040 intuens,
961 2976 990 3022 in
1019 2982 1103 3023 mente

201 3060 302 3110 habens.
311 3088 345 3097 —
356 3073 382 3108 11
403 3059 556 3123 haberetur,
577 3058 660 3122 fleret.
671 3087 705 3095 -
716 3072 746 3119 14
763 3058 968 3123 intellegebant,
984 3057 1100 3107 scie'bant.

200 3145 427 3208 —decreverunt,
446 3147 640 3191 statuerunt—
650 3155 679 3207 15
695 3143 912 3209 aggrederentur,
925 3143 1101 3192 adorerentur.

203 3227 232 3278 18
250 3240 326 3278 reum
343 3225 474 3291 fecerunt,
491 3229 683 3276 accusaverunt.
693 3237 767 3289 -24
784 3226 924 3295 reputeris,
940 3225 1103 3292 tegetem·-

202 3321 234 3376 25
250 3311 324 3378 erge,
336 3309 373 3360 ἐκ.
