2476 3712
456 201 677 250 PAUSANIAS.
714 215 736 248 2.
1012 199 1043 248 21

108 357 131 415 2
187 368 264 426 Post
278 366 310 425 id
325 366 477 445 proelium
492 369 626 427 eundem
645 366 829 427 Pausaniam
852 387 922 426 cum
944 367 1044 426 classe
1102 382 1104 386 ’

143 479 300 529 communi
316 472 452 548 Cyprum
467 481 560 548 atque
580 471 819 548 Hellespontum
838 478 994 542 miserunt,
1011 478 1045 527 ut

144 591 182 631 ex
196 573 245 632 his
266 573 444 654 regionibus
466 574 667 634 barbarorum
689 573 844 650 praesidia
867 573 1043 649 depelleret.

108 684 126 734 2
144 678 216 734 Pari
231 676 379 736 felicitate
395 675 479 735 inea
495 685 527 736 re
543 687 616 735 risus
632 677 743 735 elatius
759 684 792 735 se
812 695 917 752 gerere
941 673 1045 751 coepit

143 778 339 855 maioresque
376 788 520 856 appetere
557 787 615 838 res.
672 782 752 839 Nam
789 798 859 837 cum
896 778 1044 857 Byzantio
1079 790 1093 846 5

143 889 320 958 expugnato
357 882 491 958 cepisset
526 883 698 958 complures
734 884 894 940 Persarum
923 881 1044 940 nobiles

144 993 239 1059 atque
262 984 293 1041 in
316 983 352 1042 iis
376 986 541 1044 nonnullos
563 985 644 1062 regis
666 992 865 1061 propinquos,
886 984 942 1043 hos
965 984 1044 1042 clam

144 1089 241 1145 Xerxi
256 1087 381 1159 remisit,
391 1088 545 1148 ¹simulans
561 1108 599 1147 ex
610 1088 721 1147 vinclis
736 1087 867 1165 publicis
888 1087 1041 1163 effugisse,

143 1198 176 1247 et
191 1175 262 1247 cum
276 1189 313 1248 iis
334 1191 521 1270 Gongylum
533 1191 747 1264 Eretriensem,
766 1199 819 1267 qui
840 1190 958 1249 litteras
980 1197 1043 1267 regi

143 1293 296 1365 redderet,
313 1293 345 1350 in
366 1293 478 1370 quibus
500 1279 577 1353 haec
596 1295 699 1353 fuisse
715 1303 829 1372 scripta
845 1292 1043 1372 Thucydides
1064 1313 1094 1348 10

107 1397 125 1446 3
143 1394 310 1455 memoriae
326 1396 463 1473 prodidit
479 1420 485 1456 :
516 1404 534 1431 “
544 1397 724 1470 Pausanias,
738 1398 801 1456 dux
814 1399 951 1473 Spartae,
965 1404 1043 1473 quos

144 1501 275 1576 Byzanti
285 1506 417 1577 ceperat,
428 1509 593 1576 postquam
603 1509 794 1577 propinquos
806 1508 877 1560 tuos
889 1498 1041 1576 cognovit,

142 1601 202 1660 tibi
222 1611 340 1676 muneri
362 1603 446 1661 misit
469 1611 564 1680 seque
587 1611 688 1663 tecum
712 1603 875 1662 adfinitate
898 1602 1044 1680 coniungi

143 1704 252 1780 cupit:
282 1713 385 1781 quare,
411 1715 438 1765 si
463 1705 520 1765 tibi
543 1706 671 1779 videtur,
699 1708 755 1766 des
780 1715 809 1765 ei
833 1705 930 1764 filiam
960 1715 1043 1764 tuam

107 1811 124 1860 4
143 1816 283 1883 nuptum.
329 1809 366 1867 ld
381 1817 408 1867 si
422 1809 542 1882 feceris
555 1819 586 1869 et
603 1811 744 1886 Spartam
759 1819 790 1869 et
805 1817 938 1868 ceteram
951 1810 1044 1868 Grae·
1063 1820 1093 1874 15

143 1911 225 1968 ciam
241 1911 298 1969 sub
314 1920 398 1969 tuam
414 1921 601 1988 potestatem
616 1920 658 1985 se,
673 1912 839 1971 adiuvante
855 1919 894 1985 te,
907 1913 1044 1971 redactu-

141 2031 211 2071 rum
225 2013 395 2089 pollicetur.
442 2017 502 2074 His
518 2016 557 2074 de
572 2016 664 2074 rebus
685 2024 711 2074 si
727 2015 801 2092 quid
821 2024 886 2092 geri
900 2015 1041 2088 volueris,

142 2125 262 2175 certum
291 2116 447 2176 hominem
476 2119 516 2177 ad
546 2137 615 2176 eum
644 2117 748 2178 mittas
777 2119 854 2191 iace,
882 2138 951 2177 cum
982 2127 1044 2196 quo

108 2219 380 2295 ficonloquaiturss’
425 2223 493 2280 Rex
517 2230 565 2280 tot
590 2221 748 2280 hominum
772 2223 870 2280 salute
896 2231 958 2280 tam
985 2221 1044 2280 sibi

142 2322 390 2382 necessariorum
404 2331 518 2401 magno
532 2343 625 2401 opere
643 2333 769 2401 gavisus
789 2324 953 2384 confestim
974 2344 1043 2383 cum
1063 2341 1094 2376 20

142 2425 278 2502 epistula
303 2427 491 2486 Artabazum
518 2428 557 2486 ad
585 2428 769 2486 Pausaniam
795 2427 896 2500 mittit,
924 2427 956 2485 in
982 2437 1043 2504 qua

115 2547 118 2556 ·
141 2547 213 2587 eum
229 2530 404 2602 conlaudat,
420 2530 506 2607 petit,
524 2530 628 2590 necui
649 2540 692 2590 rei
714 2540 822 2607 parcat
844 2531 883 2590 ad
899 2550 936 2589 ea
954 2532 1043 2590 effici·

141 2633 226 2690 enda
242 2651 321 2708 quae
337 2632 519 2708 pollicetur:
543 2643 570 2692 si
591 2634 763 2710 perfecerit,
781 2634 894 2692 nullius
910 2643 953 2692 rei
973 2643 992 2693 a
1010 2642 1044 2693 se

107 2736 298 2811 6repulsam
328 2735 467 2814 laturum.
537 2736 639 2796 Huius
678 2737 847 2796 Pausanias
885 2737 1044 2798 voluntate

140 2837 268 2915 cognita
284 2837 413 2897 alacrior
429 2840 468 2898 ad
484 2858 547 2897 rem
562 2840 731 2916 gerendam
742 2840 843 2899 factus
854 2839 885 2897 in
898 2840 1044 2916 suspicio
1063 2855 1093 2908 25

181 3023 195 3072 7
215 3008 395 3074 propinquos,
414 3011 574 3057 necessarias.
586 3037 620 3046 -
634 3023 663 3058 12
682 3010 817 3075 cognovit,
837 3011 955 3072 repperit.
966 3037 1000 3046 -
1015 3024 1042 3072 17

138 3096 295 3162 pollicetur,
315 3097 464 3157 prumiam·
489 3096 556 3160 geri,
573 3076 645 3160 ficii.
656 3125 691 3133 -
705 3111 737 3145 20
755 3099 852 3161 magno
870 3109 958 3161 opere,
977 3097 1045 3146 vehe-
1129 3115 1130 3120 ¹

137 3191 245 3235 menter.
255 3209 291 3219 —
299 3179 455 3247 confestim,
468 3184 561 3230 statim.
