2476 3712
175 155 212 246 Ι36
462 195 696 244 ALCIBIADEs
730 195 754 252 6,
767 209 790 256 7.

179 363 301 440 publice
323 364 413 435 bona,
433 362 588 438 iidemque
610 361 653 419 illi
676 361 876 439 Eumolpidae
900 364 1081 424 sacerdotes

179 477 283 525 rursus
306 475 462 525 resacrare
485 475 557 524 sunt
583 473 682 524 coacti
706 474 850 542 quicum
879 466 1080 540 devoverant,

179 569 321 646 pilaeque
342 569 412 627 illae
438 568 602 645 inquibus
628 567 753 627 devotio
777 569 879 628 fuerat
905 579 1028 646 scripta,
1046 571 1079 629 in
1127 596 1129 600 ’

174 691 262 751 mare
278 671 508 749 praecipitatae.

142 778 163 838 7
222 777 313 834 Haec
331 775 487 834 Alcrbiadi
509 774 627 834 laetitia
650 782 713 834 non
732 774 824 834 nimis
846 775 906 835 fuit
923 775 1078 836 diuturna.
1120 792 1134 846 5

181 881 262 937 Nam
278 897 347 936 cum
363 888 391 937 ei
407 885 515 937 omnes
531 887 637 937 essent
656 879 790 937 honores
812 879 928 938 decreti
949 887 1079 957 totaque

180 981 367 1059 respublica
386 982 469 1040 domi
487 981 622 1058 bellique
644 981 765 1054 tradita,
783 991 817 1039 ut
839 991 929 1042 unius
952 983 1079 1044 arbitrio

180 1092 343 1162 gereretur,
363 1085 476 1162 etipse
494 1085 685 1161 postulasset
709 1094 743 1143 ut
764 1084 826 1144 duo
849 1085 909 1145 sibi
932 1087 1079 1164 conlegae

181 1190 335 1261 darentur,
370 1188 582 1266 Thrasybulus
618 1197 650 1246 et
682 1188 877 1261 Adimantus
911 1208 1022 1266 neque.
1047 1190 1080 1250 id

181 1301 326 1368 negatum
355 1300 447 1364 esset,
478 1291 578 1350 classe
608 1290 640 1348 in
666 1290 773 1349 Asiam
803 1292 970 1368 profectus,
996 1294 1080 1370 quod
1103 1316 1137 1351 ro
1222 1297 1223 1360 ξ

182 1397 265 1472 apud
288 1398 406 1474 cymen
429 1395 530 1453 minus
550 1413 587 1452 ex
612 1394 767 1454 sententia
790 1413 854 1453 rem
876 1405 1025 1472 gesserat,
1048 1396 1080 1455 in
1222 1395 1223 1406 ¹

147 1498 330 1558 2invidiam
351 1497 486 1556 reccidit.
542 1497 627 1556 Nihil
657 1496 740 1555 enim
769 1515 838 1555 eum
867 1506 930 1558 non
960 1499 1081 1558 efficere

182 1619 274 1678 posse
301 1602 465 1661 ducebant.
511 1602 556 1658 Ex
580 1608 641 1676 quo
665 1600 763 1660 fiebat
792 1610 826 1659 ut
854 1601 957 1660 omnia
980 1601 1082 1661 minus

183 1712 329 1782 prospere
359 1713 461 1780 gesta‘
477 1703 585 1779 culpae
615 1703 792 1775 tribuerent,
824 1723 893 1766 cum
928 1713 981 1764 aut
1012 1724 1082 1764 eum

184 1809 382 1884 neglegenter
397 1817 450 1864 aut
466 1806 617 1866 malitiose
631 1806 745 1866 fecisse
761 1799 960 1883 loquerentur
973 1832 979 1882 ;
1003 1816 1083 1868 sicut
1103 1832 1114 1867 r
1122 1832 1137 1884 5

184 1921 249 1970 tum
265 1911 396 1971 accidit:
419 1930 491 1968 nam
506 1918 681 1986 corruptum
697 1919 716 1968 a
737 1917 809 1986 rege
831 1929 941 1986 capere
965 1913 1082 1990 Cymen

151 2025 168 2076 3
185 2015 321 2076 noluisse
337 2015 516 2092 arguebant.
563 2015 673 2088 Itaque
693 2013 764 2070 huic
787 2012 917 2072 maxime
939 2023 1083 2090 putamus

185 2120 267 2179 malo
281 2119 377 2178 fuisse
394 2103 519 2175 nimia‘m
533 2115 710 2192 opinionem
724 2115 828 2192 ingeni
839 2125 932 2199 atque
944 2116 1083 2177 virtutis:

186 2223 349 2283 timebatur
375 2221 456 2280 enim
483 2228 545 2280 non
576 2219 676 2276 minus
703 2237 798 2294 ,quam
827 2220 1019 2296 diligebatur,
1045 2228 1085 2280 ne

186 2327 325 2386 secunda
347 2326 470 2384 fortuna
493 2331 674 2400 magnisque
698 2321 808 2397 opibus
832 2323 931 2381 elatus
953 2323 1086 2402 tyranni·
1105 2349 1140 2386 20

187 2431 258 2489 dem
287 2435 528 2504 concupisceret.
574 2424 696 2499 Quibus
726 2425 818 2483 rebus
843 2425 959 2484 factum
983 2436 1087 2487 estut

188 2534 310 2592 absenti
335 2531 546 2608 magistratum
577 2528 761 2604 abrogarent
787 2537 817 2587 et
844 2528 936 2586 alium
962 2528 993 2588 in
1020 2529 1086 2590 eius

156 2637 289 2695 tlocum
319 2633 549 2694 substituerent.
596 2631 633 2689 Id
662 2630 713 2689 ille
742 2640 776 2689 ut
805 2631 930 2704 audivit,
961 2611 1087 2692 domum

188 2747 298 2798 reverti
324 2736 422 2797 noluit
447 2745 478 2794 et
503 2742 540 2794 se
571 2736 706 2811 Pactyen
737 2733 866 2792 contulit
895 2733 1000 2811 ibique
1028 2735 1088 2796 tria

189 2842 317 2902 castella
339 2838 526 2911 communiit,
549 2839 660 2910 Ornos
684 2836 862 2912 Bizanthem
884 2841 1086 2916 Neontichos,
1108 2864 1141 2918 ²5

188 2955 344 3022 manuque
360 2943 501 3003 conlecta
511 2951 627 3018 primus
637 2943 776 2999 Graecae
791 2941 925 3002 civitatis
945 2943 978 3002 in
993 2945 1088 3004 Thra-

233 3121 246 3174 5
264 3108 404 3170 diuturna,
412 3106 559 3167 longinqua.
569 3115 623 3163 -7
643 3103 764 3166 arbitrio,
777 3105 912 3155 voluntate.
922 3134 955 3144 -
965 3120 995 3172 13
1011 3109 1090 3160 dirci-

189 3193 266 3256 bant,
283 3189 470 3250 existimabant.
480 3215 513 3222 —
525 3199 552 3247 17
571 3185 731 3248 arguebant,
743 3185 930 3250 adfirmabant.
938 3217 972 3226 -
985 3191 1014 3240 18
1032 3191 1091 3256 opi-

190 3275 309 3339 nionem,
319 3273 540 3322 existimdu'tnem.
