2476 3712
394 213 679 263 eenurnouons.
715 228 774 279 ῃ.
998 217 1030 268 43

130 379 229 459 nysiri,
248 388 301 457 qui
321 387 383 439 nen
403 379 520 439 minere
541 379 601 438 fuit
623 379 655 437 in
677 380 802 440 mimicis
821 382 918 458 gleria
939 402 1030 459 quam

131 485 257 542 Damen
279 492 333 554 aut
355 485 514 559 Lamprus,
532 491 662 559 querum
684 485 864 561 pervolgata
885 495 957 544 sunt
978 495 1030 546 ne

129 587 223 659 mina,
242 594 366 644 cantare
388 585 471 644 tibiis
493 586 533 644 ab
554 586 784 665 Olympiodere‚
801 587 913 647 saltare
928 597 946 648 a
962 590 1030 649 Cal-

95 689 280 766 aliphrone.
340 691 382 747 At
414 688 629 765 philosophiae
662 698 892 767 praecepterem
922 693 1030 752 habuit

130 792 237 870 Lysim
260 793 469 864 Tarentinum,
495 792 742 871 Pythagoreum:
765 793 815 852 cui
837 793 962 871 quidem
984 804 1029 854 sic
1065 812 1078 865 5

128 895 188 955 luit
201 894 325 954 deditus
336 904 370 953 ut
384 895 566 954 adulescens
582 904 700 954 tristem
715 904 753 955 ac
768 889 907 956 severum
922 917 1028 957 senem

128 998 275 1058 omnibus
291 997 472 1074 aequalibus
490 1006 554 1057 suis
571 997 603 1055 in
621 996 830 1058 familiaritate
848 1009 1028 1077 anteposue
1112 1019 1113 1022 ’

128 1101 182 1174 rit3
202 1119 304 1176 neque
319 1100 404 1176 prius
419 1119 489 1158 eum
504 1109 523 1160 a
538 1106 572 1159 se
588 1101 705 1160 dimisit
720 1121 811 1178 quam
827 1103 859 1160 in
881 1104 1028 1162 doctrinis

127 1211 218 1264 tante
247 1202 416 1262 antecessit
444 1203 676 1280 condiscipulos
705 1214 738 1264 ut
771 1205 862 1265 facile
893 1206 1028 1284 intellegi

127 1315 237 1386 posset
264 1316 331 1383 pari
360 1306 453 1365 mode
483 1315 695 1383 superaturum
721 1315 828 1367 omnes
858 1308 889 1366 in
919 1317 1028 1369 ceteris
1048 1336 1078 1372 10
1137 1379 1139 1382 ¹

9 1463 12 1470 ,
92 1410 257 1474 sartibus.
310 1411 414 1486 Atque
439 1411 518 1469 haec
543 1410 584 1468 ad
609 1420 747 1470 nostram
773 1413 1027 1472 censuetadinem

128 1523 202 1574 sunt
224 1513 304 1574 levia
325 1523 357 1572 et
377 1512 481 1590 potius
503 1515 751 1587 contemnenda3
778 1525 810 1574 at
832 1515 864 1573 in
887 1516 1026 1590 Graecia,

92 1631 111 1680 4
128 1617 237 1694 utique
258 1616 340 1689 elim,
357 1625 487 1693 magnae
508 1617 592 1676 laudi
612 1627 708 1677 erant.
754 1621 922 1696 Postquam
938 1620 1028 1696 ephe-

128 1722 188 1781 bus
201 1721 361 1780 estractus
376 1730 408 1780 et
422 1715 684 1797 palaestrae'dare
699 1740 824 1797 operam
840 1723 950 1800 coepit,
964 1730 1026 1782 nen

128 1835 192 1884 tam
218 1824 422 1901 magnitirdini
445 1824 556 1890 virium¹
581 1825 706 1884 servivit
732 1845 825 1902 quam
850 1826 1026 1886 velocitati:
1048 1849 1077 1902 15

128 1927 213 1985 illam
235 1927 317 1986 enim
339 1928 379 1986 ad
400 1928 584 1987 athletarum
607 1937 705 2002 usum,
721 1929 803 1988 hanc
825 1930 864 1988 ad
877 1930 958 1988 -belli
980 1949 1027 1989 ex-

128 2029 287 2090 istimabat
307 2030 470 2090 utilitatem
490 2030 653 2108 pertinere.
699 2035 809 2108 Itaque
828 2033 1028 2092 exercebatur

128 2132 292 2210 plurimum
306 2134 458 2193 currenda
470 2143 501 2193 et
512 2134 660 2194 lactande
672 2135 713 2193 ad
724 2153 793 2193 eum
804 2135 909 2212 finem,
924 2137 1027 2212 quoad

92 2252 110 2302 5
129 2245 216 2296 stans
230 2237 394 2312 complecti
409 2245 517 2313 posset
532 2247 624 2314 atque
639 2238 835 2298 contendere.
881 2241 918 2296 In
934 2248 1026 2298 armis

127 2347 202 2400 vere
216 2338 377 2416 plarimum
394 2341 476 2399 studi
491 2341 702 2400 censemebat.
1045 2365 1077 2402 20
1132 2385 1134 2391 .
1234 2375 1235 2392 ι

85 2453 112 2514 3
171 2443 222 2502 Ad
243 2444 324 2501 hanc
347 2442 485 2520 corporis
506 2443 684 2503 firmitatem
705 2444 793 2520 plara
815 2443 907 2505 etiam
932 2445 1046 2504 animi·

127 2546 212 2606 bona
238 2555 441 2605 accesserant.
473 2547 561 2615 ¹Erat
583 2546 666 2605 enim
689 2548 856 2621 modestus,
880 2549 1023 2624 prudens,

126 2647 239 2728 gravis,
267 2648 457 2726 temporibus
487 2648 643 2724 sapienter
672 2656 769 2723 ritem,
797 2659 914 2727 peritus
942 2651 1023 2724 belli,

126 2751 218 2812 fortis
237 2760 339 2824 mana,
357 2751 460 2810 anime
479 2751 620 2824 maxime,
638 2753 717 2812 adeo
737 2753 874 2813 veritatis
894 2754 1025 2831 diligens

88 2866 161 2922 aut
186 2862 226 2914 ne
251 2855 321 2914 ioce
348 2855 472 2931 quidem
498 2862 685 2916 mentiretur.
738 2844 826 2916 ldem
852 2858 1023 2931 continens,
1044 2880 1075 2934 ²5

125 2959 264 3018 clemens
289 2958 474 3034 patiensque
504 2959 774 3018 admirandumin
791 2961 933 3033 modum,
961 2969 1023 3021 nen

125 3063 227 3122 selum
247 3060 362 3138 populi,
380 3062 436 3120 sed
458 3061 551 3120 etiam
574 3070 740 3122 amicerum
763 3063 866 3122 ferens
888 3063 1023 3136 iniurias,

163 3220 180 3255 r
202 3205 298 3270 glarie,
310 3205 432 3253 lauda-
443 3218 468 3252 11
489 3205 720 3271 censuetirdinem‚
733 3211 863 3255 maren-
873 3220 902 3272 13
919 3205 1024 3274 utique,

123 3290 305 3350 saltem—24
320 3287 424 3354 anime,
436 3289 531 3338 virtete
537 3304 550 3349 ,·
575 3287 701 3356 diligens,
713 3294 814 3338 amens.
