2476 3712
417 199 700 249 EPAMINONDAS.
737 212 759 266 5,
772 199 795 249 6.
1020 200 1054 254 47

151 388 224 428 cum
245 368 388 427 universe
403 367 535 427 Graeciae
549 367 600 426 vix
616 368 725 427 decem
745 378 834 427 annis
857 379 949 428 unam
971 370 1053 446 cepit

151 473 271 544 urbem,
287 490 345 548 ego
359 479 468 530 contra
489 479 527 530 eai
549 480 610 530 una
633 472 708 531 urbe
730 481 838 532 nostrai
857 472 969 550 dieque
991 481 1052 534 ῡιιό

151 583 250 635 tetam
266 573 428 634 Graeciam
445 573 701 633 Lacedaemoniis
716 574 832 651 fugatis
848 575 1005 636 liberavi.'’

116 678 139 739 6
192 671 285 738 ldem
297 696 366 737 cum
377 677 408 734 in
420 686 607 736 conventum
616 677 753 737 venisset
765 679 930 752 Arcadum,
941 687 1051 758 petens

151 791 186 842 ut
212 781 395 841 societatem
418 799 487 838 cum
511 780 670 840 Thebenis
697 791 728 839 et
754 784 876 858 Argivis
901 781 1048 857 lacerent,
1087 801 1100 854 5

150 893 322 961 contreque
348 883 552 956 Callistratus,
579 883 816 958 Atheniensium
843 884 972 962 legatus,
997 896 1051 963 qui

150 988 331 1064 eloquentia
345 994 453 1046 omnes
468 994 506 1046 ed
521 989 700 1064 praestabat
720 998 867 1065 tempore,
880 989 1050 1065 postularet

150 1103 185 1150 ut
210 1091 315 1168 potius
340 1091 506 1151 amicitiam
532 1103 735 1169 sequerentur
757 1093 939 1166 Atticorum,
964 1094 1048 1154 etin

114 1194 290 1255 zoretiene
312 1204 369 1254 sua
391 1195 486 1254 multa
508 1195 648 1256 invectus
670 1205 754 1256 esset
776 1195 806 1254 in
828 1197 996 1258 Thebanos
1018 1207 1050 1257 et

149 1291 291 1377 Argives,
309 1299 341 1358 in
356 1300 456 1378 iisque
477 1301 537 1360 hec
557 1300 721 1377 posuisset,
738 1300 873 1358 animum
890 1302 1048 1361 advertere
1070 1325 1099 1361 ιο

149 1403 264 1462 debere
287 1404 426 1463 Arcades
448 1404 556 1480 quales
579 1413 708 1481 utraque
739 1403 847 1463 civitais
873 1410 956 1463 cives
982 1411 1049 1480 pre

148 1515 295 1580 creasset,
326 1507 500 1584 exquibus
526 1507 565 1565 de
595 1513 705 1566 ceteris
734 1516 864 1582 possent
889 1506 1046 1566 indicere:

148 1612 282 1687 Argives
297 1609 379 1669 enim
394 1611 491 1670 fuisse
507 1611 650 1670 Orestem
666 1621 697 1670 et
712 1611 933 1670 Alcmaeonem
948 1611 1047 1671 metri-

148 1714 245 1786 cides,
276 1713 393 1773 Thebis
422 1713 578 1790 Oedipum
607 1723 722 1787 natum,
754 1723 806 1790 qui
835 1732 905 1772 cum
929 1724 1047 1791 patrem

147 1835 237 1875 suum
268 1815 483 1889 interfecisset,
515 1836 552 1876 ex
581 1825 677 1876 matre
707 1817 821 1877 liberos
846 1825 1045 1893 procreasse:
1068 1841 1077 1874 ι
1083 1840 1096 1891 5

112 1924 129 1974 3
145 1918 219 1978 huic
241 1919 272 1976 in
295 1920 515 1996 respondendd
533 1921 774 1997 Epaminondas
792 1939 862 1979 cum
881 1920 920 1981 de
936 1928 1046 1980 ceteris

145 2029 331 2100 perorasset,
345 2033 511 2099 postquam
523 2023 563 2082 ad
578 2023 630 2081 illa
642 2023 704 2082 duo
717 2023 882 2100 opprobria
896 2024 1044 2100 pervenit,

146 2126 291 2185 admirari
313 2133 346 2185 se
362 2125 439 2185 dixit
461 2125 622 2185 stultitiam
643 2127 773 2186 rhetoris
789 2127 894 2200 Attici,
911 2137 964 2205 qui
983 2135 1046 2187 nen

145 2228 398 2287 animadverterit
412 2228 595 2288 innocentes
619 2229 688 2288 illos
711 2236 802 2289 nates
824 2230 917 2303 domi,
930 2230 1046 2290 scelere

144 2331 284 2390 admisse
307 2350 376 2390 cum
398 2331 498 2408 patrie
523 2342 629 2391 essent
655 2333 783 2409 expulsi,
808 2339 950 2408 receptes
975 2350 1045 2392 esse
1065 2355 1096 2390 20

110 2435 185 2493 rab
216 2417 469 2493 Atheniensibus.
523 2435 585 2494 Sed
614 2435 745 2494 maixime
774 2435 840 2494 eius
869 2433 1046 2514 eloquentia

144 2537 240 2598 eluxit
257 2538 386 2613 Spartae
398 2529 491 2614 legeti
507 2547 578 2596 ante
591 2548 725 2614 pugnam
737 2537 939 2599 Leuctricam.
973 2539 1045 2612 Qus)

143 2659 215 2698 cum
237 2639 374 2698 omnium
397 2640 550 2699 sociorum
572 2640 793 2699 convenissent
817 2641 918 2718 legeti,
943 2649 1044 2722 ceram

142 2741 396 2818 frequentissimo
422 2743 611 2819 legationum
641 2753 795 2802 conventu
821 2753 865 2804 sic
893 2744 1046 2803 Lacedae·

143 2845 317 2905 monierum
340 2845 533 2924 tyrannidem
557 2846 696 2923 coarguit
717 2857 751 2905 ut
773 2855 836 2906 non
862 2847 963 2905 minus
992 2847 1044 2905 illa
1063 2868 1094 2921 25

143 2948 285 3009 dretiene
314 2956 390 3026 opes
419 2957 524 3008 eorum
547 2949 738 3008 concusserit
761 2968 852 3027 quam
883 2949 1044 3009 Leuctrica't
1227 2943 1229 3015 l

185 3125 198 3173 7
226 3113 396 3176 praestibat,
425 3111 640 3173 superabar-8
667 3114 850 3176 sequerentur,
876 3119 1045 3174 peterent.-

144 3208 176 3244 10
198 3195 346 3260 posuisset,
368 3197 561 3246 dixisses-20
584 3195 713 3261 admisso,
728 3197 888 3263 sacta-25
911 3195 1042 3262 coarguit,

142 3279 255 3328 ostendit.
