2476 3712
204 222 238 272 24
497 223 719 273 PAUSANIAS.
754 237 778 284 4,
792 237 813 288 5.

205 389 280 448 lium
308 389 485 466 cenhigisse
514 389 546 447 in
580 398 674 461 iram,
704 390 901 466 perturbatus
937 388 1022 448 venit
1058 384 1111 451 ee]

206 492 307 566 Quem
323 511 393 551 cum
408 491 578 570 supplicem
600 493 651 551 dei
666 492 783 551 videret
805 493 837 550 in
858 501 911 551 ere
934 494 1109 568 sedentem,

206 595 326 672 quaerit
346 614 458 654 causae
471 595 546 672 quid
562 595 602 654 sit
617 604 678 653 tam
695 603 847 672 repentini
862 595 982 655 censili.
1020 596 1110 656 Huic

172 698 265 771 6ille,
297 699 371 775 quid
401 717 439 756 ex
467 698 576 758 litteris
605 698 817 774 comperisset,
848 701 955 776 aperit.
1006 699 1108 760 Modo

172 783 174 788 ,
206 801 303 878 magis
320 801 490 860 Pausanies
505 801 703 877 perturbetus
719 809 806 860 erere
825 802 928 878 coepit
951 808 989 860 ne
1012 809 1111 861 enim·
1147 819 1163 871 5

206 904 297 964 tieret
322 924 380 963 nec
410 911 443 964 se
472 903 614 963 meritum
644 904 684 963 de
712 903 765 964 illo
794 905 909 982 optime
938 905 1106 980 prederet:

206 1009 289 1084 quod
305 1016 331 1066 si
346 1027 412 1066 eam
428 1007 550 1066 veniam
564 1007 625 1066 sibi
640 1007 779 1067 dedisset
793 1016 949 1084 tantisque
970 1007 1108 1083 implice-

205 1120 270 1169 tum
286 1111 377 1170 rebus
395 1111 597 1184 sublevasset,
615 1119 728 1188 migne
751 1119 780 1170 ei
800 1110 937 1188 praemie
958 1111 1104 1171 sutirum.

167 1210 191 1272 5
215 1205 218 1212 ’
250 1215 311 1273 His
326 1213 418 1273 rebus
434 1214 541 1291 ephori
559 1213 691 1290 cegnitis
707 1213 804 1273 satius
818 1222 967 1291 putairunt
981 1213 1013 1270 in
1028 1214 1106 1273 urbe

205 1335 276 1375 eum
305 1317 534 1394 comprehendi.
579 1317 651 1390 Que
680 1335 750 1375 cum
778 1326 885 1376 essent
913 1317 1044 1393 proiecti
1073 1327 1108 1376 et
1129 1340 1163 1376 10
1223 1385 1224 1394 χ

206 1407 377 1480 Pausanias
399 1420 523 1497 plaicete
538 1419 665 1497 Argilie,
683 1429 716 1478 ut
731 1420 876 1496 putebat,
899 1420 1107 1478 Lacedaemo-

160 1524 162 1529 ’
206 1541 275 1582 nem
291 1530 501 1596 reverteretur,
518 1521 550 1580 in
565 1521 684 1595 itinere,
701 1541 769 1596 cum
785 1522 893 1580 iamin
909 1530 947 1582 ei)
967 1531 1051 1582 esset
1070 1514 1107 1582 ut

206 1625 526 1703 comprehenderetur,
548 1644 586 1684 ex
610 1625 696 1684 voltri
722 1625 881 1684 cuiusdam
908 1627 1023 1701 ephori,
1051 1635 1106 1702 qui

206 1749 275 1789 eum
291 1729 451 1789 admoneri
466 1727 619 1806 cupiebat,
637 1727 766 1788 insidiis
783 1727 843 1786 sibi
858 1729 923 1786 fieri
943 1728 1103 1788 intellexit.

171 1837 188 1888 2
206 1835 316 1908 Itaque
332 1842 439 1909 paucis
464 1842 535 1892 ante
558 1831 707 1910 gradibus
723 1850 815 1908 quam
835 1840 887 1908 qui
907 1850 977 1889 eum
998 1839 1106 1909 seque·
1129 1859 1162 1911 15

205 1936 326 2009 bantur,
342 1936 374 1994 in
398 1937 506 1996 aedem
522 1935 692 2006 Minervae,
709 1953 789 2011 quae
805 1933 1001 1994 Chalcioicos
1016 1943 1106 1994 vocai-

205 2048 262 2112 tur,
282 2038 429 2115 cenfirgit.
475 2039 560 2098 Hinc
579 2046 619 2098 ne
635 2047 717 2096 exire
736 2047 852 2115 posset,
869 2036 974 2097 statim
997 2038 1106 2115 ephori

205 2142 310 2201 valves
345 2141 410 2201 eius
444 2141 532 2202 aedis
565 2142 784 2201 obstruxerunt
819 2148 996 2217 tectumque
1033 2149 1107 2199 sunt

171 2245 352 2317 3demoliti,
377 2253 439 2322 quo
461 2245 591 2305 celerius
615 2245 672 2304 sub
696 2245 768 2303 divi)
794 2243 939 2303 interiret.
986 2246 1107 2302 Dicitur

206 2357 244 2408 ee
259 2358 397 2425 tempore
416 2357 544 2428 metrem
567 2347 740 2408 Pausaniae
755 2347 869 2406 vixisse
891 2365 1022 2424 eamque
1044 2347 1105 2404 iam
1128 2363 1164 2399 20

206 2459 320 2528 migne
342 2460 425 2523 neti,
441 2461 606 2529 postquam
630 2452 669 2510 de
693 2452 809 2510 scelere
831 2450 878 2508 fili
900 2449 1056 2526 comperit,
1073 2449 1106 2508 in

205 2563 311 2631 primis
327 2556 367 2613 ad
381 2553 480 2612 lilium
500 2555 707 2614 claudendum
727 2553 862 2631 lapidem
885 2552 925 2612 ad
948 2552 1107 2612 introitum

172 2658 293 2717 laedis
319 2657 469 2718 attulisse.
515 2659 578 2716 Hic
607 2677 675 2716 cum
706 2656 894 2716 semianimis
923 2657 962 2715 de
990 2657 1108 2734 templi>

207 2762 305 2822 elaitus
321 2771 413 2835 esset,
430 2760 594 2820 censestim
610 2760 744 2818 animam
760 2759 881 2818 efflevit.
929 2761 979 2818 Sic
995 2761 1108 2828 Pausa·

207 2864 275 2924 niis
293 2849 437 2942 megnam
458 2864 533 2923 belli
553 2863 681 2940 gloriam
708 2871 790 2940 turpi
809 2872 906 2921 morte
931 2862 1106 2922 maculavit.
1130 2879 1166 2932 25

251 3052 261 3086 1
281 3038 465 3103 perierimus,
479 3041 689 3099 permitur—3
707 3035 852 3100 repentini,
871 3036 1021 3096 subiti-4
1038 3047 1111 3088 com-

207 3121 333 3187 perisset,
347 3121 504 3183 cognovisset.
514 3133 572 3182 -9
590 3119 688 3184 satius,
703 3120 880 3182 melina-15
899 3119 1037 3185 gradibus,
1051 3126 1111 3182 pas·

207 3204 366 3252 sibun—16
383 3204 488 3266 aedem,
510 3203 725 3264 templum—19
745 3203 795 3252 sub
819 3201 892 3266 divo,
916 3203 1039 3261 sublone,
1063 3203 1111 3251 rub

207 3288 281 3337 caele.
290 3314 324 3323 -
334 3299 364 3334 22
384 3284 537 3349 introitum,
551 3286 667 3332 ienuam.
