2476 3712
206 167 237 219 14
457 168 754 217 Tuuuisrocrus.
790 167 812 226 6,
826 181 848 230 7.

130 329 132 334 ’
205 335 327 394 duobus
349 335 493 408 victoriis,
515 336 713 394 Marathonio
735 345 766 394 et
790 334 965 407 Salaminio,
982 344 1101 394 tantam

203 437 333 516 gloriam
349 439 430 515 apud
447 447 553 497 omnes
568 446 677 515 gentes
693 448 781 496 erant
793 445 951 497 consecoti
967 447 1000 496 ut
1015 437 1102 497 intel-

204 541 341 618 legerent
364 541 604 601 Lacedaemonii
627 542 665 600 de
689 541 863 618 principotri
889 540 949 600 sibi
971 560 1041 599 cum
1063 541 1101 600 iis

204 653 359 705 certamen
374 645 449 705 tore.
493 645 596 719 Quare
612 652 666 720 eos
682 664 773 721 quam
790 643 1016 703 infirmissimos
1031 663 1102 704 esse

170 748 359 807 4volebant.
404 750 573 824 Postquam
596 758 698 806 autem
719 748 881 808 audierunt
896 754 999 806 moros
1015 756 1099 819 strui,
1139 761 1151 812 5
1196 809 1199 816 Δ

203 851 323 928 legetos
338 852 479 911 Athenos
495 859 651 924 miserunt,
670 861 722 929 qui
737 851 769 910 id
784 852 850 909 fieri
865 860 1013 910 veterent.
1039 853 1101 910 His

202 953 418 1030 praesentibus
434 954 591 1014 desierunt
603 963 640 1014 oc
652 962 685 1014 se
701 955 740 1013 de
756 962 792 1014 eo
808 962 839 1013 re
855 955 974 1030 legotos
991 954 1030 1012 ad
1045 962 1101 1013 eos

169 1065 186 1115 5
203 1064 350 1117 missuros
366 1058 517 1116 dixerunt.
559 1059 652 1116 Hanc
668 1058 852 1134 legationem
870 1057 1006 1134 suscepit
1021 1058 1101 1115 The-

153 1165 156 1172 '
203 1160 359 1220 mistocles
372 1170 403 1219 et
415 1161 499 1221 solus
515 1169 614 1238 primo
628 1141 786 1238 proiectus
801 1171 867 1221 est:
883 1161 991 1238 reliqui
1007 1161 1100 1236 legoti

203 1273 236 1322 ut
251 1273 316 1322 tum
330 1272 448 1322 exirent
464 1283 532 1323 cum
548 1265 624 1323 satis
647 1265 700 1324 alti
722 1265 839 1324 tuendo
857 1273 933 1322 mori
953 1272 1100 1322 exstructi
1122 1285 1153 1319 10
1173 1283 1175 1286 ·

203 1367 388 1440 viderentur,
411 1367 586 1444 praecepit:
613 1367 734 1426 interim
760 1374 877 1439 omnes,
901 1375 981 1425 servi
1006 1376 1099 1441 atque

203 1470 299 1543 liberi,
316 1490 394 1547 opus
416 1471 556 1530 tacerent
578 1489 678 1548 neque
697 1470 749 1529 olli
764 1471 833 1530 loco
848 1479 1016 1546 parcerent,
1034 1479 1099 1529 sive

203 1593 291 1634 sacer
305 1585 366 1633 sive
372 1575 532 1650 profonas,
546 1583 610 1632 sive
623 1582 759 1650 privatus
772 1583 855 1632 esset
867 1582 931 1633 sive
947 1573 1098 1649 publicus

202 1688 233 1736 et
248 1677 394 1754 undique,
411 1678 496 1754 quod
511 1677 656 1736 idoneum
672 1678 712 1735 ad
727 1677 926 1736 muniendum
944 1685 1097 1752 putarent,

203 1790 413 1857 congererent.
440 1781 512 1854 Quo
526 1781 643 1839 factum
658 1790 706 1839 est
721 1789 754 1838 ut
769 1779 1006 1839 Atheniensium
1022 1789 1100 1838 mirri
1123 1799 1153 1850 15

203 1903 240 1942 ex
255 1884 377 1942 sacellis
393 1884 603 1961 sepulcrisque
619 1891 806 1942 constarent.

137 2035 139 2038 .
167 1983 188 2042 7
245 1987 471 2047 Themistocles
504 1997 615 2055 autem,
643 1993 677 2046 ut
710 1987 976 2045 Lacedaemonem
1005 1985 1097 2058 venit,

203 2091 287 2149 adire
300 2091 339 2149 ad
352 2090 549 2167 magistretirs
566 2089 664 2148 noluit
675 2099 706 2148 et
719 2090 804 2148 dedit
816 2108 942 2165 operam
957 2099 991 2147 ut
1006 2108 1099 2164 quam

203 2193 380 2271 longissime
403 2204 525 2270 tempus
548 2194 682 2265 duceret,
699 2212 824 2251 causam
846 2192 1046 2269 interponens
1065 2200 1099 2251 se
1172 2271 1180 2278 l

169 2298 349 2374 2c0nleges
379 2306 567 2374 exspectore.
614 2299 692 2356 Cum
726 2295 966 2355 Lacedaemonii
995 2313 1099 2370 quere·
1121 2315 1155 2350 20

203 2411 308 2459 rentur
337 2420 415 2477 opus
445 2400 542 2459 nihilo
571 2399 672 2458 minus
697 2400 763 2457 fieri
788 2417 920 2474 eumque
946 2398 977 2455 in
1003 2406 1039 2456 eo
1067 2405 1099 2456 re
1183 2441 1185 2444 -

203 2511 308 2563 conciri
322 2504 438 2576 fallere,
455 2502 577 2562 interim
593 2502 701 2577 reliqui
722 2502 815 2578 legeti
837 2511 908 2560 sunt
931 2509 1098 2560 consecuti.

202 2599 355 2684 dquibus
371 2625 439 2666 cum
457 2607 595 2665 audisset
606 2613 670 2664 non
682 2606 810 2664 multum
827 2623 989 2681 superesse
1006 2614 1100 2662 mimi-

203 2711 306 2784 tionis,
318 2710 358 2769 ad
373 2711 506 2786 ephoros
519 2709 835 2768 Lacedaemoniorum
851 2709 990 2780 accessit,
1002 2727 1100 2784 penes

204 2822 282 2890 quos
305 2832 457 2873 summum
479 2821 545 2870 erat
567 2811 735 2888 imperium,
753 2821 845 2889 atque
862 2812 944 2887 apud
960 2819 1013 2870 eos
1029 2829 1100 2868 con·
1120 2828 1155 2878 25

237 3001 250 3048 7
264 2987 411 3051 desierunt,
420 2987 684 3048 intermiserunt-9
696 2985 803 3049 reliqui,
813 2990 933 3033 coert-
942 2999 971 3032 10
984 2985 1098 3049 exirent,

198 3070 429 3133 preficiscerentur.
438 3097 473 3104 -
484 3083 513 3128 14
526 3068 707 3124 muniendum,
721 3071 819 3116 moenia
831 3069 959 3116 struenda.
969 3095 1003 3103 -
1013 3080 1040 3127 17
1058 3068 1098 3131 ut,

198 3160 342 3217 postquam.
351 3181 386 3188 -
396 3166 425 3200 22
439 3153 504 3204 sunt
519 3151 663 3218 conserui,
672 3155 854 3215 pervenerunt.
863 3179 897 3187 -
907 3165 920 3198 2
924 3164 937 3219 5
950 3150 1098 3218 contendit,

203 3238 331 3303 affirmat.
