2476 3712
195 205 228 256 38
482 209 715 258 Atcmmnns.
750 209 774 266 8,
787 222 809 272 9.

162 388 179 438 5
196 373 262 432 eius
278 373 383 432 delicti
397 374 534 433 futarum
549 393 643 434 reum.
688 375 738 433 Ab
754 375 813 434 hec
834 363 998 434 discedens
1014 371 1096 434 Alci·

196 476 314 550 biades,
329 477 541 551 “Quoniam''
558 478 667 553 inquit,
685 485 703 512 “
714 478 860 538 victeriae
875 477 993 554 patriae
1009 486 1096 552 repti-

195 589 282 657 gnaS,
304 580 380 639 illud
400 589 520 660 monea,
542 588 581 640 ne
604 582 688 641 iaxta
705 583 828 645 hostem
853 590 954 640 castra
977 581 1095 639 habeas

198 683 341 742 nautica:
364 684 534 760 periculum
557 694 604 744 est
626 684 717 758 enim,
741 691 780 743 ne
801 683 998 743 immodestia
1020 683 1094 741 mili-

196 796 262 845 tum
277 794 448 846 vestrarum
464 786 587 846 occasie
603 788 692 846 detur
708 788 869 866 Lysandre
884 795 978 846 vestri
995 786 1094 863 oppri-
1133 792 1147 848 5

163 893 180 944 6
197 875 302 948 mendi
313 889 496 950 exercitiis’'
531 892 641 966 Neque
653 910 690 949 ea
702 898 750 950 res
762 889 847 948 illum
858 889 977 949 fefellit.
1012 892 1093 948 Nam

198 977 366 1070 Lysander,
380 1012 449 1051 curn
463 1012 519 1070 per
534 994 743 1070 speculateres
758 1002 960 1070 comperisset
970 993 1093 1069 volgum

197 1095 436 1161 Atheniensium
451 1096 483 1154 in
500 1106 610 1155 terram
626 1097 808 1173 praedatum
824 1105 924 1156 exisse
936 1081 1093 1172 navesque

196 1218 296 1275 paene
325 1198 434 1259 inanes
463 1200 594 1272 relictas,
624 1209 746 1276 tempus
775 1209 819 1258 rei
846 1199 1000 1276 gerendae
1030 1205 1093 1258 nan

197 1302 313 1362 dimisit
328 1310 427 1379 eoque
443 1303 558 1379 impeta
573 1303 687 1361 bellum
703 1310 801 1362 tetum
816 1301 939 1361 delevit.
1114 1315 1147 1352 10
1225 1349 1226 1354 κ

158 1403 182 1466 9
239 1409 282 1465 At
311 1405 500 1478 Alcibiades,
531 1415 620 1466 victis
650 1405 895 1465 Atheniensibus
924 1413 987 1465 nen
1017 1405 1093 1465 satis
1225 1403 1226 1412 ’

197 1518 264 1568 trita
278 1509 388 1568 eadem
403 1509 473 1568 loca
488 1509 547 1569 sibi
563 1509 723 1581 arbitrans,
740 1509 864 1586 penitus
882 1508 915 1566 in
929 1508 1093 1567 Threciam

198 1619 231 1671 se
250 1621 342 1689 supra
358 1613 580 1696 Propontidem
597 1612 725 1685 abdidit,
742 1620 870 1689 sperans
888 1612 931 1670 ibi
948 1611 1093 1670 facillime

163 1725 180 1775 2
197 1734 284 1774 suam
295 1715 451 1775 fartanam
462 1716 562 1775 occuli
574 1734 676 1791 posse.
715 1716 815 1774 Falsa.
854 1717 935 1773 Nam
945 1716 1092 1788 Threces,

197 1828 362 1895 postquam
385 1837 454 1876 eum
478 1837 547 1877 curn
568 1826 678 1896 magna
698 1818 830 1895 pecunia
847 1817 971 1877 venisse
991 1824 1093 1876 sense·
1113 1825 1146 1880 ι5

197 1931 277 1994 runt,
304 1920 433 1980 insidias
459 1922 623 1980 fecerunt:
660 1930 713 1997 qui
738 1940 775 1980 ea
801 1939 880 1998 quae
906 1929 1092 1997 apportarat,

164 2025 399 2097 3abstulerunt,
429 2024 531 2101 ipsum
560 2044 670 2100 capere
700 2032 762 2084 nan
792 2031 966 2100 potuerunt.
1037 2023 1093 2082 Ille

198 2135 328 2186 cernens
350 2128 466 2186 nullum
488 2127 588 2186 locum
610 2127 669 2186 sibi
690 2137 788 2186 tritum
809 2127 840 2184 in
857 2125 987 2187 Graecia
1005 2145 1094 2202 prop

197 2240 244 2290 ter
266 2230 435 2307 potentiam
459 2231 773 2290 Lacedaemoniamm
796 2231 837 2289 ad
860 2230 1093 2304 Pharnabazum

198 2334 230 2392 in
256 2333 362 2392 Asiam
389 2333 532 2396 transiit:
561 2352 654 2409 quem
679 2333 802 2409 quidem
829 2333 908 2392 adea
931 2341 986 2391 sua
1012 2331 1095 2408 cepit
1114 2350 1147 2385 20

197 2436 386 2496 humanitate
413 2445 447 2495 ut
469 2455 539 2495 eum
561 2444 652 2496 neme
674 2435 706 2494 in
729 2435 864 2495 amicitia
886 2435 1092 2494 antecederet.

199 2543 340 2616 Namque
363 2549 392 2598 ei
414 2539 563 2619 Grynium
586 2540 723 2612 dederat,
739 2539 771 2597 in
795 2538 928 2617 Phrygia
949 2547 1093 2610 castrum,

198 2663 236 2702 ex
264 2651 326 2719 que
354 2650 572 2720 quinquagena
604 2643 720 2701 talenta
749 2641 908 2719 vectigalis
941 2641 1093 2717 capiebat.

163 2754 180 2801 4
198 2749 268 2822 Qua
289 2748 414 2807 fartana
431 2746 610 2805 Alcibiades
633 2753 696 2805 nen
719 2755 784 2804 erat
806 2754 970 2804 contentus
992 2762 1094 2818 neque

198 2851 338 2908 Athenas
353 2858 452 2908 victas
469 2849 724 2907 Lacedaemoniis
745 2858 858 2907 servire
878 2856 999 2924 poterat
1018 2855 1100 2923 pati·
1116 2871 1130 2905 2
1135 2869 1148 2923 5

198 2957 309 3029 ltaque
325 2953 365 3011 ad
379 2951 509 3029 patriam
528 2951 720 3010 liberandam
739 2960 823 3009 omni
839 2951 996 3010 ferebatur
1014 2949 1095 3026 cagi-

241 3127 255 3180 5
275 3114 388 3179 occisis),
406 3115 613 3178 facultas-10
633 3113 744 3174 delevit,
757 3115 794 3162 ad
808 3115 900 3178 sanem
915 3113 1097 3175 perdam—

200 3212 229 3262 13
247 3203 338 3262 supra,
347 3205 499 3259 praeter.—
510 3211 539 3257 14
557 3198 650 3260 occuli,
664 3198 793 3246 caldra-
802 3211 833 3244 20
848 3196 930 3262 cepit,
943 3197 1095 3244 conciliavit

197 3294 268 3342 0-24
285 3279 624 3345 ibrtfini,filict'tate.-25
642 3280 712 3345 pati,
720 3280 845 3345 perferre.
