2476 3712
222 219 255 266 28
564 218 695 266 cruon.
732 232 754 282 3,
767 232 790 278 4.

179 385 207 457 ,3
265 385 387 459 Quibus
402 386 494 444 rebus
510 404 580 444 cum
595 395 675 445 rinus
691 385 723 444 in
738 384 862 445 civitrite
887 383 1018 445 menime
1038 383 1126 444 flere·

223 498 277 562 ret,
298 488 406 548 incidit
428 489 460 547 in
486 488 618 548 eandem
644 488 792 548 invidiam
818 507 909 564 quam
935 497 1023 565 pater
1049 505 1125 547 suus

224 599 379 668 ceterique
405 589 643 651 Atheniensium
669 591 845 669 principes:
877 609 947 648 nam
973 599 1124 650 testerum

224 695 388 772 suffragiis,
402 695 487 772 quod
502 696 546 754 illi
561 694 757 772 ὀστρακισμόν
767 704 889 766 vocant,
906 695 1014 753 decem
1030 702 1125 754 anni>

190 798 207 848 2
224 818 290 856 rum
303 798 411 858 exsiiie
423 778 570 857 multatus
580 808 637 858 est.
665 797 760 858 Cuius
771 797 846 855 facti
857 797 988 855 celerius
997 797 1125 856 Atheni·
1164 811 1178 863 5

225 908 316 961 enses
332 921 424 978 quam
440 901 541 979 ipsum
556 900 717 978 paenituit.
763 903 844 960 Nam
860 919 929 958 cum
948 899 999 958 ille
1019 900 1124 960 animo

224 1006 297 1064 forti
313 1004 446 1064 invidiae
462 1004 651 1082 ingratorum
664 1003 776 1063 civium
788 1003 935 1062 cessisset
946 1003 1123 1080 bellumque

226 1108 466 1167 Lacedaemonii
482 1106 727 1166 Atheniensibus
749 1105 943 1178 indixissent,
960 1107 1123 1165 confestim

197 1291 199 1297 γ
225 1219 317 1271 netae
354 1211 420 1270 eius
450 1210 571 1269 virtutis
607 1208 793 1268 desiderium
830 1216 1030 1268 censecutum
1066 1219 1122 1269 est.

192 1312 209 1362 3
228 1319 337 1391 Itaque
352 1324 424 1391 post
440 1332 554 1372 annum
571 1321 721 1390 quintum,
734 1331 826 1388 quam
842 1312 989 1389 expulsus
1005 1322 1078 1384 erat,
1093 1313 1124 1370 in
1148 1334 1178 1368 ιο

216 1417 356 1495 ,patriam
372 1425 534 1476 revocatus
549 1425 606 1474 est.
646 1415 712 1488 Ille,
726 1416 810 1491 quod
821 1414 959 1490 hospitis>
972 1412 1125 1475 Lacedae

226 1521 399 1580 monierum
415 1519 566 1591 utebetur,
581 1518 678 1577 satius
693 1517 873 1576 existimans
884 1519 1029 1576 concedere
1035 1538 1125 1594 quam

227 1635 320 1682 armis
342 1623 539 1694 contendere,
564 1620 832 1681 Lacedaemonem
855 1630 911 1680 sue
937 1630 1048 1697 sponte
1078 1631 1126 1680 est

176 1757 178 1760 ·
227 1727 384 1804 profectus
396 1735 568 1802 pacemque
584 1724 663 1783 inter
678 1725 756 1784 dues
772 1723 1005 1802 potentissimas
1024 1725 1127 1783 civite·

193 1834 211 1883 4
227 1839 275 1889 tes
290 1828 474 1896 conciliavit.
518 1830 600 1901 Post,
614 1847 716 1905 neque
731 1827 774 1886 ita
786 1827 891 1899 multe,
906 1829 1040 1906 Cyprum
1056 1846 1126 1886 cum
1150 1841 1179 1894 15

228 1935 370 1993 ducentis
386 1932 517 1992 nevibus
533 1931 698 2008 imperator
716 1940 838 2003 missus,
855 1949 925 1989 cum
945 1930 1013 1989 'eius
1034 1931 1127 1990 meisi

228 2056 292 2095 rem
307 2045 426 2112 partem
441 2035 561 2094 insulae
577 2034 752 2106 devicisset,
764 2033 796 2091 in
808 2033 949 2092 morbum
960 2033 1127 2110 implicitus

229 2141 259 2198 in
275 2139 390 2216 oppide
407 2138 489 2199 Citio
504 2147 553 2197 est
567 2147 714 2196 mortuus.

193 2235 217 2294 4
276 2245 370 2300 Hunc
385 2241 593 2301 Athenienses
610 2247 671 2299 nen
689 2240 789 2300 solum
805 2239 835 2297 iu
854 2239 946 2309 bello,
963 2239 1128 2298 sedetiam

229 2347 260 2404 in
276 2354 354 2424 pece
370 2345 422 2404 diu
438 2345 699 2403 desideraverunt.
746 2342 817 2401 Fuit
829 2341 911 2400 enim
923 2351 1010 2402 tante
1022 2331 1130 2402 libere·
1149 2362 1180 2396 20

229 2450 324 2522 litate,
356 2467 426 2507 cum
456 2446 665 2524 compluribus
694 2446 771 2505 locis
801 2444 929 2522 praedia
959 2446 1130 2526 hortesque

229 2552 366 2624 haberet,
395 2561 428 2610 ut
453 2569 620 2626 numquam
647 2549 677 2606 in
702 2549 739 2608 iis
763 2549 923 2608 custodem
949 2547 1131 2626 imposuerit

229 2657 346 2714 fructus
372 2655 517 2713 servandi
541 2652 650 2730 gretie,
676 2659 714 2711 ne
741 2651 810 2728 quis
840 2651 1038 2728 impediretur
1067 2659 1130 2729 que

230 2759 331 2817 minus
355 2767 399 2817 eis
425 2757 517 2816 rebus
544 2755 657 2833 quibus
682 2755 813 2832 quisque
837 2755 939 2826 vellet,
968 2755 1128 2814 frueretur.

171 2942 175 2950 ι
197 2863 214 2914 2
233 2865 360 2938 Semper
375 2880 445 2919 eum
460 2858 623 2936 pedisequi
639 2878 709 2917 cum
726 2867 857 2917 nummis
874 2867 946 2917 sunt
962 2867 1068 2931 secuti,
1085 2867 1129 2932 ut,
1150 2877 1179 2931 ²5

275 3057 285 3092 1
300 3043 414 3107 flereret,
423 3042 650 3090 illustraretur.-
660 3053 689 3089 10
708 3039 837 3105 expulsus
849 3041 917 3105 erat,
930 3041 1019 3088 eiectus
1029 3045 1092 3088 erat.
1100 3067 1132 3076 -

233 3140 262 3177 12
272 3127 444 3191 metitum,
458 3130 564 3187 putens.
581 3153 615 3160 -
630 3137 656 3184 17
676 3122 831 3188 devicisset,
850 3121 1069 3187 subegisset-18
1087 3124 1132 3176 est

231 3212 363 3275 mortuus,
376 3209 441 3258 diem
463 3208 524 3256 obiit
538 3211 696 3270 supremum.
705 3233 739 3242 —
750 3219 781 3270 23
798 3206 897 3272 gratie,
910 3211 994 3256 causa.
1004 3232 1038 3242 —
1046 3205 1132 3274 impo-

232 3295 343 3361 ditetur,
357 3292 544 3358 prohiberetur.
554 3317 588 3326 —
598 3303 628 3358 25
646 3288 797 3357 pedisequi,
808 3289 917 3356 famuli.
