2476 3712
423 181 640 231 urrrrauus.
673 181 734 245 (η.
1009 179 1026 232 7

125 359 209 410 retur
231 352 319 428 isque
341 353 515 412 hortaretur
534 352 648 412 milites
663 353 874 430 proeliumque
889 352 1023 412 commit·

92 465 108 511 4
127 462 214 511 teret.
258 444 348 511 Idem
369 452 420 511 ille
440 453 581 530 populus,
598 462 802 531 posteaquam
818 453 917 512 maius
933 453 1025 529 impe

124 555 204 612 rium
217 564 265 614 est
277 565 387 615 nactus
399 565 430 614 et
442 555 604 632 largitir'rne
616 555 851 632 magistratuum
864 564 1025 631 corruptus

126 668 183 731 est,
201 667 356 717 trecentas
380 666 500 717 statuas
524 659 682 718 Demetrii)
707 658 856 717 Phalereb
880 657 1023 717 decrevit.

91 765 111 823 7
171 763 247 820 Post
269 761 329 820 hbe
349 761 500 838 proelium
522 761 655 820 classem
681 761 878 838 septuaginta
902 760 1025 820 navium
1062 776 1076 829 5

127 864 338 924 Athenienses
364 864 465 924 eidem
492 863 628 924 Miltiadi
654 865 814 937 dederunt,
846 873 879 922 ut
909 864 1025 922 insulas

127 986 208 1044 quae
224 967 371 1026 barbares
387 967 577 1040 adiuverunt,
588 967 671 1027 belle
686 974 928 1044 persequeretur.
954 967 1026 1040 Qui)

128 1070 159 1128 in
177 1070 306 1147 imperii)
321 1071 485 1148 plerasque
500 1070 541 1129 ad
557 1070 689 1129 officium
710 1071 808 1128 redire
826 1071 935 1147 coegit,
952 1077 1027 1128 nfin-

92 1182 110 1231 2
128 1173 229 1232 nullas
244 1181 275 1231 vi
289 1173 484 1252 expugnavit.
516 1175 561 1232 Ex
576 1174 624 1232 his
641 1176 750 1231 Parum
767 1174 899 1232 insulam
914 1171 1026 1250 opibus

128 1276 242 1335 elatam
258 1295 328 1334 curn
344 1277 483 1336 Oratione
499 1275 697 1336 reconciliare
714 1284 776 1336 nen
792 1285 906 1352 posset,
920 1275 1026 1352 cupias
1047 1297 1076 1332 ro

128 1386 145 1438 ὀ
164 1379 296 1438 navibus
318 1380 431 1454 eduxit,
451 1381 559 1439 urbem
583 1379 728 1457 operibus
750 1379 862 1438 clausit
881 1387 1026 1455 omnique

128 1491 305 1554 commeatu
319 1483 458 1561 privavit,
476 1483 549 1542 dein
563 1490 662 1542 vineis
677 1491 714 1541 ac
729 1481 937 1541 testudinibus
958 1489 1028 1556 een-

92 1596 109 1646 3
127 1585 245 1644 stitutis
257 1585 383 1662 propius
395 1593 498 1646 mures
510 1585 652 1644 accessit.
676 1587 755 1645 Cum
767 1585 828 1644 iam
840 1585 872 1644 in
885 1593 922 1644 ef>
934 1592 1025 1658 esset,

127 1698 162 1747 ut
178 1688 296 1766 oppidi>
317 1697 473 1766 potiretur,
490 1689 598 1766 procul
618 1688 647 1747 in
666 1689 840 1748 continenti
861 1689 957 1762 lucus,
975 1697 1028 1765 qui

128 1811 167 1850 ex
189 1791 290 1850 insula
303 1791 569 1874 'censpiciebatun
587 1791 692 1850 nescis>
708 1799 770 1869 qui)
785 1801 860 1851 casu
875 1798 1027 1850 nocturne
1047 1811 1077 1864 15

128 1904 268 1972 tempore
284 1894 429 1954 incensus
442 1901 499 1954 est.'
524 1895 619 1955 Cuius
631 1895 754 1953 flamma
766 1905 800 1954 ut
812 1896 851 1954 ab
863 1894 1028 1971 oppidanis

128 2007 160 2056 et
176 1998 441 2075 oppugnaturibus
457 2008 505 2057 est
520 2007 595 2072 visa,
612 2007 750 2075 utrisque
766 1998 896 2057 venitin
912 1996 1028 2074 opinis)-

93 2111 111 2159 4
129 2119 202 2159 nem
218 2109 339 2176 signum
354 2110 373 2160 a
389 2101 554 2160 classiariis
569 2101 660 2178 regiis
676 2101 790 2160 datum.
827 2102 898 2175 Qui)
913 2102 1027 2160 factum

129 2213 178 2262 est
190 2213 224 2261 ut
236 2213 267 2262 et
280 2204 360 2262 Parii
372 2213 391 2263 a
403 2203 563 2264 deditifme
580 2205 806 2280 deterrerentur
817 2214 848 2263 et
859 2204 1026 2276 Miltiades

129 2307 243 2366 timens
256 2313 295 2365 ne
306 2307 416 2365 classis
428 2307 512 2384 regia
527 2308 715 2380 adventaret,
733 2307 868 2366 incensis
883 2306 1028 2384 operibus
1048 2329 1079 2364 20

130 2428 211 2486 quae
238 2419 395 2482 statuerat,
424 2429 494 2468 cum
523 2409 653 2469 totidem
684 2409 816 2470 navibus
841 2420 934 2488 atque
964 2419 1029 2469 erat

130 2513 297 2591 profectus,
318 2513 458 2572 Athenas
489 2521 601 2589 magna
626 2531 696 2571 curn
722 2513 894 2573 offensibne
918 2513 1029 2572 civium

95 2623 256 2675 usuarum
287 2616 408 2676 rediret.
454 2618 627 2675 Accusatus
659 2623 732 2693 erge
761 2626 809 2675 est
837 2616 1028 2692 preditirinis‚

131 2719 225 2796 quod,
242 2737 313 2778 cum
330 2721 440 2792 Parum
457 2727 633 2796 expugnare
651 2730 766 2795 posset,
786 2729 804 2778 a
822 2727 892 2796 rege
911 2739 1031 2795 corrup-

130 2832 181 2882 tus
204 2822 328 2886 infectis
352 2823 444 2881 rebus
467 2821 674 2881 discessisset.
720 2824 765 2882 Εὸ
783 2832 920 2899 tempore
940 2840 1032 2899 aeger
1051 2843 1080 2894 ²5

130 2936 197 2985 erat
212 2925 390 2985 volneribus
407 2944 486 3001 quae
503 2925 535 2982 in
550 2926 760 3002 oppugnanda
776 2925 892 3002 oppidi>
908 2931 1032 3001 accepe-

172 3093 187 3144 3
207 3080 251 3130 est
269 3079 376 3143 nactus,
394 3084 431 3126 est
447 3083 597 3127 co'nsecritus.
608 3078 665 3127 -8
684 3079 837 3143 ninnium,
857 3080 990 3142 quasdam.
1000 3106 1031 3114 -

134 3176 163 3212 10
180 3163 295 3227 eutem,
309 3162 451 3224 superbam.
461 3189 494 3197 —
505 3175 534 3226 13
553 3163 652 3227 mitres,
667 3163 784 3220 moenia;
807 3161 932 3226 accessit,
945 3168 1044 3224 appra.

125 3247 275 3311 pinqudvit.
285 3272 319 3280 -
329 3257 361 3293 20
373 3244 484 3310 timens,
498 3249 588 3292 verens
595 3260 607 3304 ,¹
625 3246 796 3310 adventaret,
804 3249 957 3307 pervem'ret.

324 3343 336 3372 Ω
