2476 3712
375 711 762 838 rnrursrocrrs

79 991 101 1050 1
159 985 422 1056 Τιιιιιιιετοειῖε,
440 981 552 1041 Neocli
565 981 659 1054 iilius,
676 981 886 1053 Atheniensis.
915 981 1018 1044 Huius

116 1086 194 1146 vitia
209 1085 346 1145 ineuntis
365 1085 596 1147 adulescentiae
617 1093 738 1163 magnis
760 1095 832 1145 sunt
854 1086 1019 1146 emendata

117 1188 294 1262 virtutibus
318 1190 397 1250 adef>
423 1198 457 1247 ut
486 1189 676 1248 anteferatur
703 1188 776 1247 huic
805 1195 904 1262 neme,
927 1197 1019 1266 pauci

84 1303 102 1354 2
118 1300 210 1371 pares
226 1300 381 1370 putentur.
410 1291 473 1352 Sed
488 1292 528 1350 ab
543 1290 632 1351 initie
648 1300 696 1351 est
711 1291 903 1352 erdiendum.
928 1295 1020 1353 Pater
1057 1369 1059 1376 Ι

120 1396 187 1456 eius
203 1395 338 1456 Neocles
352 1386 522 1474 generesus
536 1394 604 1454 fuit.
633 1397 666 1454 Is
681 1403 807 1454 uxerem
823 1397 1019 1455 Acarnanam
1057 1419 1070 1472 5

120 1507 220 1559 civem
242 1497 337 1571 duxit,
353 1517 392 1558 ex
414 1507 475 1575 que
498 1506 590 1558 uetus
610 1507 658 1556 est
677 1498 912 1558 Themistocles.
958 1499 1021 1572 Qui

120 1621 192 1662 curn
207 1601 309 1660 minus
325 1595 408 1661 ess'et
425 1602 575 1678 probatus
596 1600 786 1677 parentibus,
803 1603 887 1678 quod
902 1611 933 1660 et
949 1601 1021 1660 libe·

120 1704 185 1764 rius
204 1705 328 1764 vivebat
348 1714 379 1764 et
398 1723 462 1764 rem
483 1703 668 1762 familiarem
690 1704 883 1782 neglegebat,
899 1713 918 1764 ῖι
933 1715 1021 1782 patre

85 1816 103 1868 3
121 1809 327 1867 exheredatus
349 1816 406 1868 est.
451 1807 541 1882 Quae
556 1807 742 1866 contumelia
757 1814 821 1866 nen
835 1808 926 1886 fregit
941 1827 1019 1881 euru,

122 1912 178 1972 sed
212 1911 316 1970 erexit.
368 1914 450 1970 Nam
487 1928 557 1969 cum
594 1909 763 1986 iudicasset
799 1911 866 1971 sine
902 1920 1021 1971 summe
1042 1937 1072 1973 ιο

122 2014 275 2074 industrie
290 2021 353 2073 nen
370 2031 463 2090 posse
479 2021 548 2072 ear'u
563 2012 725 2090 exstingui,
739 2021 838 2073 tetum
854 2021 887 2074 se
902 2013 1022 2073 dedidit

121 2126 167 2176 rei
188 2117 340 2195 publicae,
358 2116 537 2193 diligentius
561 2125 667 2175 amicis
690 2116 852 2194 famaeque
872 2112 1019 2176 serviens.

124 2222 258 2281 Multum
271 2219 302 2278 in
314 2219 437 2279 iudiciis
453 2227 581 2296 privetis
597 2220 785 2292 versabatur,
796 2239 889 2297 saepe
904 2220 936 2279 in
952 2228 1022 2280 ceu-

121 2323 240 2384 tienem
263 2322 369 2399 populi
393 2322 556 2398 predibat3
584 2322 669 2380 nulla
693 2329 742 2381 res
768 2323 866 2382 meior
891 2323 958 2383 sine
984 2331 1022 2383 er')

121 2427 296 2504 gerebatur,
306 2425 447 2485 celeriter
458 2444 537 2502 quae
549 2444 628 2501 opus
640 2434 728 2484 erant
739 2426 920 2502 reperiebat,
930 2426 1022 2486 facile
1043 2450 1072 2504 15

89 2539 105 2588 4
122 2530 234 2589 eadem
249 2528 389 2588 &retiene
405 2527 589 2612 explicabat.
635 2529 745 2605 Neque
767 2529 868 2589 minus
884 2529 915 2587 in
930 2531 1022 2590 rebus

121 2632 267 2711 gerendis
290 2639 450 2709 premptus
466 2649 559 2706 quam
574 2630 787 2709 excegitaudis
803 2642 876 2706 erat,
893 2634 977 2710 quod
992 2643 1023 2692 et

122 2738 161 2796 de
185 2734 383 2808 instantibus,
406 2743 441 2793 ut
466 2732 509 2792 ait
533 2733 742 2812 Thucydides
765 2735 924 2795 verissime
949 2736 1023 2796 iudi-

122 2840 216 2899 cebat
238 2847 270 2896 et
291 2838 330 2896 de
352 2837 462 2896 futuris
496 2835 695 2896 callidissime
724 2837 907 2899 coniciebat.
952 2839 1024 2914 Que

121 2942 241 3001 factum
256 2949 353 3000 estut
368 2940 455 2998 brevi
469 2948 608 3015 ternpore
624 2939 845 3001 inlustraretur.
1014 2991 1016 2996 .
1043 2971 1074 3007 20

165 3129 178 3164 2
203 3114 359 3178 emendila,
383 3117 567 3172 correcta—4
591 3114 732 3178 putentur,
756 3115 954 3174 existimatum·
982 3117 1026 3168 est

122 3197 291 3262 brdlendum,
318 3204 355 3244 est
379 3196 606 3258 incipiendum.—
617 3208 631 3260 5
657 3198 777 3261 uxerem,
804 3199 1025 3260 coniugem-10

122 3281 280 3345 istdioisset,
293 3280 416 3327 sensisset.
425 3306 460 3314 -
471 3293 497 3326 11
514 3279 658 3344 industrii,
672 3280 812 3343 dr'lrgentr'd.
