2476 3712
414 219 635 270 PAUSANIAS.
670 233 693 284 3,
706 233 729 280 4.
986 217 1018 268 23

119 388 249 447 Hilritae
272 396 407 460 vocatur,
435 395 565 464 quirum
593 395 706 464 magna
734 386 899 446 multitidri
928 393 1018 462 agnis

118 489 437 550 Lacedaemonitirum
454 490 534 550 colit·
542 497 761 566 seminumque
776 499 901 549 munere
920 489 1019 566 lungi-

118 603 177 653 tur.
224 595 294 653 H6s
310 612 433 670 quoque
449 592 615 652 sollicitare
630 599 685 669 spe
700 592 852 651 libertatis
867 591 1019 652 existima·

83 701 101 752 i
118 696 219 756 batur.
259 695 321 756 Sed
337 697 420 772 quod
435 697 543 755 harum
558 703 659 754 rerum
673 695 789 754 nullum
802 705 868 754 erat
879 705 1018 772 apertum

119 807 234 858 crimen
265 807 327 876 qus)
356 807 442 876 argui
476 808 592 875 posset,
622 806 686 858 nnn
714 798 867 875 putabant
896 799 935 857 de
963 799 1019 858 tali
1054 811 1068 865 5

118 911 245 978 tamque
260 902 344 961 clari)
356 889 422 961 viri)
437 901 668 978 suspiciunibus
682 909 824 979 oportere
839 900 976 974 iudicari,
988 911 1019 961 et

118 1004 365 1081 exspectandum
380 1006 453 1063 dum
469 1013 502 1065 se
517 1005 586 1083 ipsa
600 1012 649 1064 res
665 1014 804 1082 aperiret.

77 1106 103 1165 4
162 1107 291 1167 Interim
320 1108 456 1185 Argilius
486 1109 611 1184 quidam
640 1109 898 1181 adulescentulus,
927 1127 1018 1184 quem

117 1219 249 1288 puerum
272 1211 444 1272 Pausanias
466 1211 623 1285 dilexerat,
640 1231 710 1270 cum
732 1212 895 1288 epistulam
918 1212 957 1272 ab
980 1220 1018 1272 ei)
1054 1263 1060 1274 ,

98 1315 160 1374 ad
189 1316 378 1375 Artabazum
408 1315 590 1393 accepisset,
620 1324 710 1392 eique
744 1315 776 1373 in
808 1315 1017 1392 suspicibnem
1038 1335 1067 1370 ιο

118 1417 257 1478 venisset
278 1418 395 1496 aliquid
420 1418 452 1476 in
479 1427 516 1478 ea
542 1419 581 1478 de
606 1425 640 1477 se
660 1437 729 1477 esse
756 1426 912 1494 scriptum,
934 1419 1018 1495 quod

118 1529 211 1583 nemi)
236 1529 342 1582 ebrum
363 1523 496 1582 redisset
524 1531 577 1598 qui
599 1540 692 1599 super
712 1522 767 1581 tali
789 1530 885 1581 causa
907 1523 1018 1590 endem

118 1633 206 1685 missi
229 1634 325 1698 erant,
349 1624 450 1684 vincla
476 1624 627 1701 epistulae
651 1624 766 1685 laxavit
792 1633 942 1702 signique
968 1627 1018 1684 de-

117 1735 218 1788 tracti)
234 1728 386 1806 cngnbvit
404 1737 431 1788 si
444 1728 630 1805 pertulisset,
647 1728 706 1788 sibi
724 1747 794 1788 esse
816 1730 1015 1806 pereundum.

82 1840 100 1891 2
119 1834 217 1891 Erant
238 1831 270 1890 in
293 1831 401 1890 eadem
424 1831 556 1908 epistula
579 1850 657 1909 quae
683 1832 722 1891 ad
748 1851 785 1890 ea
810 1833 1016 1909 pertinebant,
1038 1849 1067 1902 ις

119 1953 199 2012 quae
215 1933 296 1994 inter
310 1942 412 2011 regem
426 1933 672 2011 Pausaniamque
685 1925 901 1995 convenerant.
948 1937 1017 1996 Has

81 2038 100 2106 3
117 2037 303 2096 ille-litteras
319 2038 443 2115 ephoris
458 2037 593 2096 tradidit.
639 2040 711 2097 Nun
726 2047 773 2096 est
793 2040 1017 2115 praetereunda

116 2141 255 2218 gravitas
267 2141 583 2200 Lacedaemonirirum
599 2141 659 2200 heic
670 2141 747 2200 loch.
783 2144 863 2201 Nam
875 2149 914 2202 ne
925 2142 1017 2202 huius

117 2243 245 2321 quidem
260 2243 375 2303 indicia
391 2243 515 2320 impulsi
530 2253 611 2316 sunt,
628 2254 662 2303 ut
678 2244 862 2303 Pausaniam
883 2263 1017 2322 eompre-

117 2347 300 2418 henderent,
314 2365 414 2424 neque
430 2346 515 2424 prius
530 2347 592 2406 vim
608 2347 817 2407 adhibendam
832 2355 1017 2424 putaverunt
1036 2365 1067 2400 20

117 2469 212 2527 quam
228 2456 261 2508 se
283 2448 350 2526 ipse
372 2449 551 2509 indicasset.
597 2452 707 2525 Itaque
729 2449 800 2508 huic
822 2449 924 2522 indici,
942 2451 1016 2527 quid

82 2553 184 2611 theri
212 2553 335 2625 vellent,
366 2559 597 2629 praeceperunt.
651 2554 768 2611 Fanum
799 2555 937 2630 Neptuni
969 2564 1017 2614 est

118 2657 261 2728 Taenari,
278 2656 362 2731 quod
377 2655 485 2714 violari
501 2657 588 2714 nefas
605 2664 717 2732 putant
736 2657 856 2715 Graeci.
902 2659 947 2716 Εό
966 2657 1017 2717 ille

117 2758 211 2818 index
241 2758 379 2836 cunfugit
407 2758 438 2816 in
469 2767 582 2840 araque
612 2759 761 2818 cunsedit.
814 2761 907 2818 Hanc
934 2760 1017 2820 iuxta

117 2861 219 2922 locum
238 2862 377 2921 fecerunt
399 2862 456 2920 sub
478 2870 559 2920 terra
585 2881 624 2920 ex
649 2869 710 2938 qui>
735 2872 842 2939 posset
868 2864 974 2937 audiri,
991 2873 1018 2922 si
1036 2876 1066 2928 25

117 2965 187 3042 quis
203 2963 279 3042 quid
294 2964 470 3040 loqueretur
478 2947 554 3023 ‘eum
570 2964 697 3042 Argilio.
743 2967 815 3024 Hire
834 2985 872 3024 ex
893 2966 1016 3042 ephoris

85 3067 100 3118 5
117 3060 243 3146 quidam
266 3068 502 3127 descenderunt.
548 3069 728 3142 Pausanias,
745 3078 779 3127 ut
800 3069 917 3128 audivit
932 3073 1032 3147 Argi-s

159 3227 172 3260 2
196 3214 316 3276 minere,
341 3211 469 3274 ffcin-
484 3224 512 3258 12
540 3223 630 3275 super,
654 3213 737 3259 da-
751 3225 781 3274 19
805 3210 918 3276 impulsi
941 3213 1016 3277 sunt,

116 3297 219 3345 inducti
225 3301 380 3344 sunt—22
399 3292 504 3358 finum,
520 3295 692 3356 templum.-
702 3308 733 3354 ²4
751 3294 837 3360 luxti,
850 3301 939 3358 prope.
