2476 3712
219 199 251 247 18
464 201 762 252 THEMISTOCLES.
797 215 820 265 9,
836 215 873 251 10.

201 355 203 360 ’
217 370 361 444 conloqui
370 373 449 442 volo,
462 389 597 428 annuum
611 370 686 427 mihi
702 376 823 447 tempus
836 369 891 428 des
907 376 1007 445 euque
1022 377 1117 427 trans·
1207 373 1208 376 ’

220 478 291 530 actu
307 471 348 529 ad
362 479 392 530 te
407 480 512 530 venire
527 471 685 548 patiaris''

171 575 218 635 10
264 573 366 632 Huius
381 581 434 633 rex
451 571 544 632 animi
557 575 800 652 magnitudinem
812 574 967 634 admirans
981 574 1116 651 cupiens-

221 696 281 752 que
296 677 390 735 talem
405 677 503 735 virum
519 671 578 737 sibi
596 677 753 737 conciliari
775 678 898 736 veniam
921 677 1016 737 dedit.
1062 677 1116 735 Ille
1207 755 1208 760 η

221 798 312 838 omne
329 779 404 838 illud
419 789 542 856 tempus
565 780 673 839 litteris
696 789 891 862 sermunique
908 783 1070 840 Persarum
1085 787 1117 838 se
1152 791 1163 844 5

221 881 359 942 dedidit:
383 883 496 958 quibus
512 883 591 942 adeu
607 884 745 942 eruditus
761 893 817 957 est,
831 893 864 941 ut
879 884 975 943 multu
988 901 1117 942 commo·

221 985 291 1044 dius
307 986 428 1045 dicatur
443 987 526 1063 apud
542 994 643 1063 regem
660 988 754 1045 verba
768 986 881 1046 facisse
894 1004 986 1062 quam
1001 986 1022 1043 ir
1037 995 1118 1062 pote·
1207 991 1208 1056 l

187 1103 205 1154 2
221 1098 299 1161 rant,
314 1098 366 1164 qui
382 1089 413 1147 in
430 1087 556 1148 Perside
573 1099 660 1147 erant
676 1099 750 1148 nati.
783 1091 845 1148 Hic
861 1108 930 1147 cum
946 1088 1042 1147 multa
1056 1095 1118 1164 regi

222 1201 306 1250 esset
334 1189 490 1268 pollicitus
518 1173 789 1268 gratissimumque
819 1192 903 1265 illud,
928 1201 953 1250 si
983 1200 1046 1251 suis
1076 1199 1118 1250 uti

222 1294 360 1353 cunsiliis
381 1296 483 1368 vellet,
500 1293 585 1352 illum
608 1295 771 1354 Graeciam
790 1296 873 1354 bellu
893 1304 1118 1372 oppressurum,
1139 1315 1166 1349 10

203 1433 208 1447 .=
222 1406 342 1474 magnis
365 1397 543 1464 muneribus
561 1398 600 1455 ab
622 1400 790 1457 Artaxerxe
812 1399 947 1479 dunatus
966 1398 997 1456 in
1013 1397 1120 1456 Asiam
1207 1435 1208 1440 κ

223 1500 314 1558 rediit
350 1497 600 1578 domiciliumque
637 1502 818 1578 Magnesiae
855 1501 914 1561 sibi
950 1499 1118 1561 cunstituit.

189 1605 366 1679 3Namque
392 1604 472 1661 hanc
499 1605 605 1661 urbem
631 1613 659 1662 ei
685 1612 737 1663 rex
763 1605 893 1664 donarat
922 1606 970 1663 his
997 1604 1120 1681 quidem

224 1706 334 1779 verbis,
359 1726 438 1782 quae
463 1715 491 1766 ei
514 1715 627 1783 panem
649 1709 810 1784 praeberet
836 1707 888 1787 (ex
913 1717 973 1784 qua
997 1707 1121 1785 regiune

225 1817 442 1886 quinquagena
464 1810 580 1869 talenta
603 1819 770 1888 quotannis
792 1811 959 1892 redibant),
977 1814 1124 1888 Lampsa·
1143 1829 1169 1880 15

225 1931 294 1970 cum
317 1922 428 1986 autern,
445 1913 528 1971 unde
550 1922 655 1972 vinum
678 1923 820 1988 sumeret,
841 1916 981 1993 Myunta,
1001 1933 1039 1974 ex
1060 1923 1122 1991 qua

225 2015 389 2074 obsunium
405 2015 541 2076 haberet.

268 2118 371 2176 Huius
394 2117 434 2177 ad
456 2125 594 2178 nostram
617 2119 795 2178 memoriam
819 2130 1018 2180 monumenta
1040 2129 1123 2179 man-

226 2228 332 2280 serunt
347 2222 427 2282 duo:
451 2222 625 2298 sepulcrum
648 2242 744 2300 prope
768 2223 916 2300 oppidum
942 2224 973 2282 in
994 2231 1124 2300 quaest

190 2337 208 2386 4
225 2325 372 2400 sepultus
387 2335 491 2384 statua
506 2324 537 2383 in
552 2326 621 2387 loru
638 2326 828 2403 Magnesiae,
861 2329 908 2386 Da
924 2326 1010 2386 cuius
1025 2335 1124 2386 morte
1144 2346 1172 2380 20

225 2428 328 2486 multis
350 2429 451 2488 modis
473 2429 556 2506 apud
579 2430 741 2505 plerusque
758 2438 976 2506 scriptumest,
994 2430 1050 2490 sed
1065 2437 1124 2489 nus

225 2532 358 2590 eundem
380 2528 575 2608 potissimum
596 2533 808 2610 Thucydidem
837 2540 994 2592 auctorem
1015 2534 1125 2610 proba-
1207 2529 1208 2568 l

225 2654 301 2706 mus,
314 2643 367 2710 qul
382 2635 466 2692 illum
480 2633 523 2694 ait
536 2633 716 2712 Magnesiae
732 2636 840 2695 morbu
855 2646 1007 2696 mortuum
1023 2655 1124 2712 neque
1207 2619 1208 2688 i

226 2747 319 2814 negat
333 2737 430 2797 fuisse
445 2739 560 2797 famam
575 2745 728 2798 venenum
744 2747 800 2798 sua
815 2747 926 2814 sponte
945 2739 1123 2816 sumpsisse,

225 2860 295 2898 cum
311 2848 352 2913 se,
370 2859 449 2917 quae
465 2847 529 2918 regi
544 2841 583 2899 da
598 2840 728 2900 Graecia
743 2841 946 2918 opprimenda
968 2841 1125 2918 pollicitus
1145 2859 1172 2911 25

192 2951 208 3001 5
226 2954 318 3018 esset,
334 2953 492 3022 praestare
511 2963 603 3021 posse
624 2945 808 3021 desperaret.
854 2938 942 3004 idem
964 2965 1036 3005 ossa
1058 2945 1125 3006 eius

269 3111 282 3163 5
300 3099 426 3163 sermuni,
445 3099 621 3160 linguae-7
640 3099 723 3149 verba
741 3096 850 3163 fecisse,
867 3099 977 3146 locatum
996 3115 1127 3164 essa—9

226 3181 425 3245 gratissimum,
447 3181 671 3228 iucundissimum.
681 3208 714 3216 -
726 3195 751 3227 11
773 3181 940 3246 muneribus,
961 3182 1040 3243 danis.
1049 3209 1084 3220 -
1095 3197 1125 3252 13

226 3265 349 3329 (lunarat,
363 3265 473 3314 dederat.
482 3292 516 3300 —
526 3263 558 3312 26
570 3265 719 3329 praestare,
726 3263 821 3328 facere.¹
935 3251 937 3260 ’
