2476 3712
190 205 219 256 34
491 154 725 260 accumbas.
761 223 783 278 5·

191 373 313 451 potuit:
350 385 416 435 erat
445 376 527 435 enim
556 386 593 437 ea
623 377 799 455 sagacitate,
830 387 864 437 ut
896 378 998 456 decipi
1024 387 1090 446 ,nen

190 486 306 552 posset,
336 479 516 554 praesertim
552 499 621 539 cum
658 480 792 540 animum
829 461 1013 541 attendisset
1051 481 1091 540 ad

160 581 371 640 ‘cavendum
425 583 535 658 Itaque
561 583 601 642 ad
627 583 875 661 Tissaphernem,
900 584 1091 660 praelectum

158 682 273 760 3regis
301 685 402 757 Darei,
430 693 463 744 se
490 685 627 746 contulit.
678 686 773 746 Citius
799 706 869 746 cum
894 686 927 745 in
952 686 1091 746 intimam

192 785 357 844 amicitiam
368 787 560 863 pervenisset
571 798 602 848 et
614 788 849 849 Atheniensium
861 789 940 849 male
951 798 1047 866 gestis
1058 789 1091 847 in
1129 804 1144 857 5

193 888 296 949 Sicilie
310 890 402 950 rebus
424 898 499 967 opes
515 899 685 964 senescere,
703 900 810 952 centra
833 891 1092 951 Lacedaemonis>

191 1011 258 1050 rum
273 984 410 1052 crescere
426 994 552 1066 videret,
570 994 657 1054 initio
678 1014 747 1054 cum
768 995 920 1054 Pisandre
939 1003 1089 1072 praetere,

192 1103 245 1171 qui
261 1096 343 1171 apud
377 1098 501 1156 Samum
534 1097 700 1157 exercitum
735 1098 879 1170 habebat,
910 1117 969 1175 ⁴per
1001 1097 1092 1156 inter-

191 1197 316 1259 nuntios
328 1199 523 1276 conloquitur
534 1200 615 1260 etde
627 1200 726 1260 reditir
737 1208 794 1260 sue
805 1201 881 1260 iacit
893 1200 1089 1260 mentienem.
1157 1219 1166 1222 ’

193 1303 266 1360 Erat
295 1301 376 1360 enim
410 1303 519 1362 eodem
551 1311 612 1379 que
644 1287 820 1362 Alcibiades
854 1311 955 1376 sensit,
985 1302 1092 1380 populi
1111 1325 1145 1362 10
1221 1333 1222 1392 y

157 1404 346 1480 ‹ipotentiae
375 1413 439 1465 nen
463 1415 580 1464 amicus
604 1414 635 1466 et
663 1405 858 1482 optimetium
885 1407 995 1466 fautor.
1040 1405 1092 1465 Ab

190 1507 251 1566 hec
261 1506 425 1567 destitutus
437 1517 568 1585 primum
579 1527 635 1584 per
646 1509 881 1588 Thrasybulum,
895 1511 971 1588 Lyci
981 1509 1091 1582 lilium,

191 1611 231 1668 ab
254 1611 389 1670 exercitii
411 1610 556 1689 recipitur
580 1621 764 1688 praetorque
788 1613 823 1671 fit
847 1613 930 1688 apud
956 1614 1090 1685 Samum,

191 1723 261 1790 post
281 1697 470 1790 suffragante
487 1715 679 1773 Theramene
700 1715 805 1791 populi
824 1723 903 1774 scite
923 1714 1092 1774 restituitur
1221 1723 1222 1770 l

191 1824 318 1894 parique
334 1817 447 1877 absens
462 1816 591 1893 imperio
606 1817 781 1893 praeficitur
796 1817 886 1877 simul
906 1837 976 1876 cum
997 1818 1092 1877 Thra·
1113 1841 1145 1894 15
1221 1785 1222 1844 i

157 1919 300 1998 ssybulo
326 1929 357 1978 et
386 1920 588 1979 Theramene.
635 1921 756 1979 Herum
785 1919 817 1978 in
846 1919 975 1997 imperio
1004 1929 1093 1980 tanta

191 2022 390 2083 commutetis>
411 2030 511 2081 rerum
534 2023 618 2081 lacta
641 2031 697 2094 est,
714 2032 748 2082 ut
771 2021 1019 2096 Lacedaemonii,
1038 2031 1094 2100 qui

191 2125 284 2203 paule
299 2136 370 2185 ante
385 2133 518 2185 victeres
533 2125 702 2202 viguerant,
715 2125 868 2202 perterriti
882 2134 992 2202 pacem
1007 2135 1091 2203 pete·

191 2239 267 2288 rent.
305 2230 389 2288 Victi
404 2229 487 2287 enim
502 2238 590 2288 erant
601 2237 737 2304 quinque
749 2227 873 2304 proeliis
884 2228 1091 2300 terrestribus,

191 2331 288 2391 tribus
304 2331 475 2404 navalibus,
492 2331 523 2388 in
539 2331 651 2407 quibus
667 2331 818 2390 ducentes
838 2338 933 2391 neves
953 2331 1094 2391 triremes
1113 2356 1148 2392 20

190 2444 366 2507 emiserant,
384 2454 463 2512 quae
478 2444 587 2510 captae
603 2434 634 2492 in
651 2434 783 2493 hostium
796 2441 944 2493 venerant
959 2443 1095 2511 poteste-

157 2547 174 2596 6
191 2548 262 2598 tem.
307 2538 485 2597 Alcibiades
500 2537 590 2596 simul
605 2556 674 2595 curn
690 2536 825 2612 conlegis
840 2544 997 2613 receperat
1013 2537 1096 2597 leni·

192 2661 249 2713 am,
269 2641 515 2717 Hellespontum,
532 2640 645 2699 multes
660 2647 820 2715 praetereat
839 2640 930 2699 urbes
946 2641 1094 2713 Graeces,

192 2744 319 2820 quaein
342 2751 395 2803 (ire
417 2743 495 2802 sitae
511 2751 583 2802 sunt
607 2741 768 2814 Threciae,
786 2750 915 2818 querum
940 2752 1097 2820 expugne-

191 2857 260 2907 rant
288 2847 470 2925 complures,
502 2846 534 2903 in
562 2845 611 2904 his
642 2843 831 2924 Byzantium,
861 2864 963 2922 neque
992 2845 1097 2906 minus
1117 2867 1150 2922 25
1221 2875 1222 2904 l

190 2933 302 3010 multes
325 2949 456 3010 censilio
479 2949 519 3006 ad
541 2947 706 3006 amicitiam
728 2946 940 3019 adiunxerant,
957 2948 1043 3024 quod
1064 2949 1099 3009 in

158 3059 300 3132 lcaptes
322 3051 484 3112 clementia
506 3051 630 3109 fuerant
656 3057 711 3108 risi.
758 3050 808 3108 Ita
836 3050 952 3127 praede
980 3061 1097 3126 onusti,

235 3207 244 3240 1
260 3192 358 3256 decipi,
364 3191 439 3255 salli.
449 3219 483 3226 —
493 3203 523 3248 14
536 3189 711 3253 subrigante,
717 3189 831 3254 favente.
840 3216 874 3225 —
885 3203 894 3238 1
900 3201 914 3254 5
927 3189 1010 3240 simul
1021 3203 1096 3260 cum,

190 3281 247 3326 tend
257 3273 405 3325 curm—18
423 3273 577 3338 viguerant,
590 3273 819 3332 valuerant—24
836 3271 917 3338 sitae,
933 3274 1040 3335 positae.
