2476 3712
187 195 220 246 48
267 203 269 208 ’
450 197 732 245 nenniuounns.
767 197 790 254 o,
802 211 825 259 7.

187 372 299 440 pegni.
345 365 425 422 Tum
441 364 523 422 enirn
538 364 675 440 perfecit,
694 365 777 441 quod
795 374 866 440 post
885 364 1037 442 apperuit,
1056 375 1093 426 ut

188 467 301 525 auxilio
318 467 558 526 Lacedaemonii
574 467 727 526 sociorum
742 477 941 545 privarentur,

152 573 173 633 7
230 569 339 628 Fuisse
369 563 537 646 patientem
568 579 754 647 suorumque
775 571 909 638 ¹iniuriis
933 572 1089 631 ferentem

187 671 308 746 civium,
332 674 417 749 quod
439 680 472 732 se
495 673 611 750 patriae
635 682 725 733 irisci
748 675 837 733 neiis
857 692 926 741 esse
949 676 1086 747 duceret,

187 776 265 834 haec
282 786 354 836 sunt
374 776 560 836 testimonia.
606 778 685 836 Cum
707 796 776 836 eum
799 787 923 854 propter
937 778 1088 837 invidiam
1126 792 1142 845 5

187 885 269 938 cives
300 888 347 938 sui
376 880 541 955 praeficere
571 879 717 938 exercitui
753 881 926 940 noluissent
962 882 1087 958 duxque

187 993 270 1041 esset
286 983 423 1042 delectus
447 983 519 1042 belli
541 983 709 1059 imperItus,
726 983 813 1042 cirius
833 993 933 1044 errore
949 992 1087 1044 coesset

187 1093 321 1152 deducta
344 1093 395 1150 illa
418 1093 581 1153 multitude
604 1093 733 1152 militum
748 1103 782 1152 ut
800 1101 907 1152 omnes
928 1095 966 1153 de
987 1096 1086 1154 salirte
1225 1069 1226 1120 l

186 1197 446 1272 pertimescerent,
475 1197 559 1272 quod
585 1175 721 1256 loedrum
751 1197 901 1282 angustiis
927 1198 1024 1257 clausi
1046 1201 1085 1258 ab
1119 1211 1121 1214 “
1225 1215 1226 1286 ,

186 1301 329 1359 hostibus
352 1300 582 1372 obsidebantur,
609 1300 777 1358 desiderari
799 1309 910 1377 coepta
935 1310 983 1360 est
1009 1303 1085 1379 Epa·
1109 1317 1143 1352 10.
1225 1323 1226 1328 ¹

186 1404 352 1463 minendae
368 1403 545 1480 diligentia:
569 1411 635 1461 erat
649 1403 730 1461 enim
747 1403 789 1461 ibi
807 1412 943 1479 privatus
959 1413 1086 1464 numero

152 1514 169 1564 2
187 1507 300 1566 militis
335 1499 437 1584 rique
454 1524 523 1565 cum
540 1515 681 1582 peterent
696 1524 795 1581 opem,
814 1507 928 1564 millam
944 1507 1087 1568 adhibuit

187 1610 365 1669 memoriam
381 1609 585 1669 contumeliae
602 1619 633 1666 et
648 1609 815 1667 exercitum
831 1609 993 1669 obsidione
1014 1611 1087 1670 libe-

152 1719 285 1773 3ratum
310 1714 434 1772 domum
463 1712 583 1771 reduxit
606 1712 799 1770 incolumem.
846 1714 912 1770 Nec
933 1720 1006 1773 vero
1027 1715 1088 1774 hoc

186 1803 280 1875 seinel
291 1816 373 1882 fecit,
386 1816 441 1874 sed
451 1810 583 1891 saepius.
619 1815 754 1872 Maxime
767 1825 868 1872 autem
877 1815 936 1874 fuit
947 1815 1085 1891 inlustre,
1110 1835 1139 1886 15

186 1937 255 1978 cum
278 1919 309 1975 in
332 1919 580 1994 Peloponnesum
602 1917 769 1976 exercitum
785 1917 922 1977 duxisset
938 1913 1087 1980 adversus

187 2009 451 2081 Lacedaemonios
472 2021 662 2096 haberetque
684 2021 830 2096 conlegis
852 2021 939 2094 duos,
956 2016 1088 2097 quorum

187 2126 263 2184 alter
278 2134 344 2183 erat
360 2124 533 2200 Pelopidis,
551 2123 596 2182 vir
611 2123 699 2182 fortis
715 2132 752 2182 ac
768 2131 919 2183 strenuus.
957 2125 1001 2182 Hi
1016 2144 1087 2184 cum
1176 2188 1181 2194 ,

186 2227 365 2287 criminibus
388 2218 631 2286 adversariorum
650 2233 757 2285 omnes
776 2225 806 2284 in
826 2225 973 2308 invidiam
988 2229 1087 2288 venis-

186 2341 255 2390 sent
271 2331 310 2390 ob
327 2349 456 2406 eamque
478 2349 542 2388 rem
562 2328 723 2404 imperium
745 2329 782 2387 iis
805 2338 889 2387 esset
905 2331 1086 2407 abrogatum
1106 2350 1139 2386 κο

186 2444 278 2510 atque
299 2433 330 2490 in
353 2441 458 2492 eorum
480 2432 581 2490 locum
604 2430 655 2488 alii
676 2439 834 2506 praetores
850 2433 1085 2507 successissent,

151 2537 417 2613 ‹tEpamindndr'rs
440 2536 546 2612 populi
570 2541 649 2593 scite
673 2543 736 2594 nen
762 2534 862 2611 peruit
886 2535 1030 2612 idemque
1053 2548 1086 2597 ut

185 2641 323 2710 facerent
345 2638 499 2715 persuasit
521 2638 659 2713 conlegis
682 2647 712 2696 et
734 2638 848 2696 bellum
875 2639 960 2714 quod
985 2648 1086 2699 susce

185 2751 281 2818 perat,
315 2741 421 2818 gessit.
474 2743 616 2816 Namque
654 2740 926 2813 animadvertebat,
958 2741 1017 2801 nisi
1053 2743 1086 2803 id

185 2845 320 2916 fecisset,
352 2852 450 2903 totum
480 2843 649 2901 exercitum
680 2852 804 2919 propter
829 2851 1004 2919 praetorum
1033 2845 1086 2904 im·
1104 2864 1134 2916 ²5

152 2959 168 3008 5
185 2948 379 3025 prudentiam
396 2946 610 3022 inscitiamque
626 2946 699 3004 belli
719 2946 895 3021 peritirrum.
941 2949 1006 3007 Lex
1021 2960 1086 3008 erat

186 3052 303 3112 Thebis
336 3069 415 3126 quae
450 3058 548 3108 morte
578 3048 737 3121 multabat,
771 3059 796 3107 si
826 3049 895 3125 quis
925 3050 1085 3127 imperium

230 3199 256 3231 11
272 3184 390 3247 numeri),
404 3183 503 3229 locci-
514 3195 541 3228 12
560 3193 649 3245 opem,
661 3183 881 3253 auxilium.-13
895 3184 1083 3251 contumeliae,

185 3269 374 3326 iniuriae—14
393 3266 563 3329 incolumem,
577 3265 686 3312 salvum.
