2476 3712
207 207 222 254 2
504 209 718 256 MILTIADES.
757 223 776 266 r,
790 222 812 255 z.

207 373 351 449 aquilene
375 373 512 433 venisset
535 376 694 434 Lemnum.
741 376 803 433 Hic
825 373 907 433 enirn
931 383 1041 433 ventus
1064 375 1106 434 ab

207 475 469 553 septentrionibus
506 476 608 536 oriens
648 478 811 536 adversum
850 485 936 536 tenet
972 476 1106 536 Athenis

171 579 481 654 6proficiscentibus.
536 578 694 640 Miltiades
723 580 864 639 morandi
893 589 1014 656 tempus
1041 587 1105 639 non

128 679 130 684 '
206 681 325 740 habens
351 701 473 741 cursum
503 682 614 742 direxit
640 691 702 759 que
727 684 877 743 tendebat
902 682 1104 760 pervenitque

207 785 445 844 Chersonesum.

165 887 187 947 2
245 887 294 947 Ibi
322 888 408 947 brevi
438 897 576 965 tempore
603 890 803 949 barbarerum
829 888 927 966 copiis
954 887 1101 962 disiectis,

206 977 272 1049 tota
296 990 421 1068 regione
448 1011 540 1068 quam
565 993 697 1069 petierat
723 1002 848 1069 potitus,
873 992 942 1052 loca
967 992 1104 1052 castellis

206 1092 319 1152 idonea
334 1094 521 1167 communiit,
538 1096 765 1155 multitudinem
784 1115 876 1173 quam
892 1103 997 1155 secum
1012 1095 1104 1154 duxe-

206 1189 259 1255 rat
285 1195 317 1255 in
350 1207 431 1274 agris
453 1198 626 1258 conlocavit
658 1199 835 1276 crebrisque
870 1198 1103 1258 excursionibus

172 1307 189 1358 2
206 1300 414 1376 locupletavit.
446 1304 555 1378 Neque
571 1303 672 1362 minus
688 1303 719 1361 in
736 1313 772 1363 ee
784 1311 819 1363 re
834 1303 999 1380 prudentie
1010 1321 1103 1379 quam
1126 1325 1158 1360 10
1223 1351 1224 1360 ,

206 1403 353 1463 felicitete
379 1405 503 1464 adiutus
528 1415 584 1464 est.
634 1409 715 1483 Nam
742 1426 811 1466 cum
837 1408 948 1467 virtute
973 1406 1103 1465 militurn
1223 1405 1224 1416 ¹

207 1506 373 1566 devicisset
394 1508 530 1567 hostium
552 1509 711 1582 exercitiis,
736 1519 855 1570 summai
876 1504 1032 1587 aequitate
1054 1517 1103 1568 res

173 1618 190 1668 3
207 1609 369 1669 censtituit
384 1619 476 1686 atque
492 1611 559 1688 ipse
575 1611 691 1672 ibidem
707 1621 831 1672 manere
847 1612 991 1673 decrevit.
1031 1614 1104 1672 Erat

207 1712 289 1771 enirn
318 1712 399 1773 inter
428 1721 482 1774 ees
512 1715 662 1791 dignitete
692 1716 784 1794 regie,
809 1724 950 1793 quamvis
979 1716 1104 1775 carebat

175 1829 178 1838 ’
208 1815 341 1889 nemine,
359 1835 460 1893 neque
479 1817 511 1876 id
529 1817 627 1896 magis
648 1819 777 1895 imperio
793 1839 885 1895 quarn
901 1818 1018 1878 iustitia
1033 1826 1103 1878 con·
1125 1840 1155 1892 15

208 1929 341 1982 secutus.
386 1922 497 1997 Neque
517 1929 555 1981 ee
575 1921 672 1981 setius
688 1921 940 1995 Atheniensibus,
957 1921 1103 1998 equibus

207 2032 272 2081 erat
301 2019 467 2099 proiectus,
498 2024 598 2084 officia
620 2027 807 2102 praestebat.
861 2025 982 2100 Quibus
1011 2025 1103 2085 rebus

206 2126 304 2185 tiebat
325 2135 358 2186 ut
378 2134 440 2187 nen
462 2127 563 2187 minus
581 2136 685 2189 cerum
703 2129 862 2189 voluntete
881 2136 1032 2206 perpetue
1052 2127 1104 2186 irn-

207 2229 325 2306 perium
349 2229 501 2291 obtineret
524 2241 577 2308 qui
598 2214 753 2306 miserant,
778 2213 869 2309 quam
892 2232 1011 2292 illorum
1034 2250 1103 2290 cum

173 2341 191 2390 4
208 2333 320 2408 quibus
341 2343 407 2393 erat
428 2336 594 2411 profectus.
640 2337 837 2396 Chersoneso
852 2336 906 2396 teli
926 2335 1019 2395 modo
1035 2343 1104 2395 con·
1123 2357 1154 2394 20

208 2436 315 2496 stituta
337 2440 488 2496 Lemnum
510 2439 672 2498 revertitur
693 2449 724 2498 et
746 2459 784 2498 ex
805 2447 899 2516 pacto
916 2439 1053 2515 postulat
1070 2447 1104 2497 ut

117 2585 121 2592 .
208 2538 268 2599 sibi
283 2541 389 2599 urbem
405 2543 537 2602 tradant.
583 2543 633 2602 Illi
655 2543 738 2601 enim
761 2544 910 2616 dixerant,
927 2561 996 2602 cum
1011 2549 1104 2602 vente

207 2643 303 2703 boree
314 2644 407 2703 dorne
418 2646 576 2721 profectus
588 2653 626 2705 ee
638 2646 838 2722 pervenisset,
850 2652 919 2706 sese
935 2645 1102 2718 dedituros,

174 2751 242 2806 ese
266 2747 368 2806 autem
395 2748 520 2807 domum
545 2749 733 2809 Chersonesi
758 2749 881 2809 habere.
927 2752 1032 2822 Ceres,
1052 2757 1105 2825 qui

208 2859 272 2909 tum
289 2852 440 2910 Lemnum
455 2850 642 2925 incolebant,
655 2861 714 2911 etsi
729 2863 852 2929 praeter
862 2853 1040 2929 opinienem
1055 2859 1104 2918 res
1122 2873 1136 2906 2
1141 2874 1155 2927 5

208 2953 370 3026 ceciderat,
398 2963 502 3014 tamen
528 2962 589 3015 non
618 2955 710 3029 dicte,
736 2957 792 3015 sed
821 2957 960 3016 secunde
981 2956 1106 3015 senuna

249 3105 265 3156 6
277 3106 408 3173 disiectis,
412 3109 581 3172 flagretis—8
594 3109 701 3175 idt'inea,
711 3116 898 3172 opportena.-
909 3123 939 3160 10
950 3107 1103 3174 prudentii,

207 3191 422 3256 sapientie—13
449 3191 577 3258 decrevit,
601 3192 781 3242 statuit-16
805 3193 901 3260 setius,
925 3193 1105 3260 minua—25

208 3274 322 3338 praeter,
337 3280 432 3324 contre.
