2564 3716
466 221 673 270 naumann.
708 237 732 283 4,
746 236 768 288 5·
1016 222 1067 291 ¹69

166 387 313 465 Scipir'rne
344 389 472 447 cunsule
503 408 634 466 eumque
666 390 834 466 pepulerat.
894 392 973 449 Cum
1006 391 1066 450 hirc

164 493 276 551 eudem
300 492 431 550 Clastidi
453 493 535 568 apud
559 493 678 550 Padum
702 493 841 551 decernit
866 493 1065 569 sauciumque

128 603 147 653 2
164 595 238 653 inde
257 603 294 653 ac
312 595 453 671 fugatum
469 595 604 654 dimittit.
649 595 755 654 Tertii)
774 596 855 653 idem
876 596 979 672 Scipit')
995 615 1064 654 curn

165 698 297 774 conlega
309 697 435 757 Tiberin
452 700 561 774 Longi)
578 699 659 774 apud
670 698 815 756 Trebiam
831 699 979 757 adversus
995 718 1064 757 eum

156 801 258 860 'venit
304 803 383 860 Cum
402 801 440 859 iis
458 820 583 859 manum
602 801 776 873 cunseruit3
800 809 946 878 utrasque
965 803 1065 878 prufli-
1100 816 1113 869 5

163 904 258 980 gavit.
318 904 397 962 Inde
430 923 485 980 per
518 904 646 981 Ligures
680 907 901 980 Appenninum
934 905 1062 977 transiit,

127 1014 275 1082 3petens
299 1007 462 1087 Etruriam.
518 1009 590 1066 Huc
614 1007 723 1066 itinere
747 1008 825 1066 aden
848 1017 933 1084 gravi
956 1008 1063 1066 morbi>

164 1109 307 1169 adficitur
319 1110 477 1169 oculurum
490 1120 523 1168 ut
535 1119 644 1186 postea
660 1130 827 1187 numquam
843 1111 950 1170 dextra
966 1119 1063 1187 aeque

163 1213 245 1271 bene
265 1223 338 1272 usus
357 1213 404 1272 sit.
451 1214 521 1287 Qua
540 1213 716 1272 valetudine
734 1232 804 1271 curn
822 1213 981 1271 etiamtum
999 1233 1064 1290 pre-

164 1323 299 1374 meretur
314 1317 485 1392 lecticaque
500 1317 639 1388 ferretur,
655 1319 689 1376 C.
705 1316 889 1375 Flaminium
905 1317 1063 1376 consulem
1084 1336 1113 1370 10

164 1419 248 1494 apud
275 1421 499 1477 Trasumenum
525 1439 594 1478 cum
624 1419 759 1478 exercitu
788 1420 909 1479 insidiis
939 1420 1063 1478 circum-

163 1532 291 1580 ventum
317 1521 438 1594 occidit,
468 1541 567 1598 neque
598 1523 694 1582 mults)
720 1531 791 1599 post
818 1524 853 1581 C.
878 1523 1062 1582 Centenium

163 1633 337 1700 praetnrem
363 1644 432 1683 curn
458 1625 580 1684 deiecta
608 1635 700 1684 manu
727 1626 822 1685 saltus
849 1636 1061 1702 occupantem.

127 1741 145 1788 4
166 1728 251 1786 Hine
275 1727 306 1785 in
329 1721 472 1804 apuliam
497 1730 645 1804 pervenit.
702 1729 750 1788 Ibi
775 1730 897 1788 obviarn
923 1740 952 1788 ei
976 1736 1063 1788 vene-

163 1840 236 1889 runt
261 1831 322 1890 duo
348 1832 501 1904 consules,
531 1833 566 1890 C.
593 1832 758 1891 Terentius
785 1843 816 1891 et
842 1835 875 1892 L.
901 1833 1060 1892 Aemilius.
1083 1856 1111 1908 15

164 1935 335 2010 Utriusque
365 1934 516 2018 exereitus
545 1942 606 1993 uns)
636 1936 753 2011 proelii>
782 1936 908 2013 fugavit,
935 1937 1062 1994 Paulum

163 2019 324 2095 censulem
340 2037 453 2096 occidit
472 2047 502 2095 et
521 2037 638 2114 aliquot
653 2048 811 2114 praeterea
827 2040 1013 2110 consulares,
1031 2039 1060 2096 in

163 2140 202 2197 iis
219 2142 276 2199 Cn.
295 2140 455 2198 Servilium
471 2141 645 2214 Geminum,
662 2151 714 2216 qui
730 2142 887 2218 superinre
904 2150 985 2201 annu
999 2143 1062 2200 iue-

163 2252 211 2301 rat
226 2243 343 2302 censui.

162 2448 338 2508 resistente.
384 2452 420 2508 In
448 2460 629 2526 propinquis
654 2453 722 2510 urbi
747 2453 903 2511 montibus
927 2463 1061 2513 moratus

162 2562 220 2611 est.
280 2554 359 2611 Cum
385 2545 509 2629 'aliquot
538 2553 580 2610 ibi
611 2553 679 2612 dies
710 2564 811 2612 castra
841 2555 1001 2614 habuisset
1032 2566 1063 2614 et

163 2657 304 2730 Capuam
322 2642 533 2727 reverteretur,
554 2657 592 2730 Q.
614 2656 727 2714 Fabius
747 2657 910 2730 Maximus
931 2659 1063 2717 dictator

124 2768 144 2818 2
164 2760 334 2830 Κόῐηᾶηυε,
351 2757 382 2815 in
399 2765 473 2834 agri>
490 2759 621 2817 Falerni)
640 2769 668 2817 ei
687 2767 720 2818 se
736 2760 858 2819 obiecit.
906 2763 967 2819 Hic
983 2762 1062 2819 clau-

161 2879 216 2920 sus
240 2861 377 2920 locurum
400 2861 551 2938 angustiis
576 2871 669 2920 noctu
696 2863 762 2920 sine
789 2863 851 2922 nlla
878 2864 1062 2924 detrimenti)
1082 2885 1112 2937 ²5

160 2964 314 3022 exercitus
338 2971 371 3022 se
394 2964 550 3040 expedivit
567 2964 733 3041 Fabiique,
751 2965 950 3026 callidissimi)
971 2967 1063 3044 impe·

203 3130 217 3164 2
237 3117 365 3180 decernit,
379 3117 488 3164 dimicat
497 3132 507 3172 ,¹
529 3117 660 3181 saucium,
674 3120 841 3165 volneratum.
852 3147 885 3154 —-
896 3133 924 3167 10
939 3122 1061 3184 ferretur,

157 3201 302 3249 veheritur.
310 3227 345 3234 -
354 3213 383 3262 13
401 3201 499 3263 saltus,
512 3202 646 3262 angustias
661 3203 793 3248 montium.
802 3229 836 3236 -
844 3215 871 3249 21
892 3203 1061 3268 propinqum,

157 3283 300 3350 finitimis.
312 3310 341 3316 -
350 3281 382 3330 26
396 3282 584 3348 callidissimi),
599 3286 761 3344 peritissima
