2476 3712
421 231 704 281 EPAMINONDAS.
743 245 781 281 10.
1018 231 1049 284 51

148 406 186 458 ee
198 397 318 475 patriae
333 398 494 458 cunsulere
509 398 634 471 diceret,
648 406 666 433 “
676 398 787 471 Vide,’'
803 399 911 474 inquit,
931 405 997 459 “ne
1016 409 1049 459 tu

147 501 237 578 peius
253 501 408 574 cumulus
422 510 475 578 qui
490 502 582 560 telem
597 520 635 564 cx
650 509 680 561 te
697 511 803 561 nutum
819 502 980 562 relicturus
996 512 1047 563 sis

112 615 131 666 2
149 607 261 684 Neque
281 611 354 664 veru
374 603 467 680 stirps
486 614 591 681 potest
611 604 686 662 mihi
706 604 838 664 deesse:
861 625 993 682 namque
1011 625 1058 678 ex,

148 715 197 767 me
219 717 325 766 nutam
347 706 489 784 relinque
511 717 646 785 pugnam
667 707 870 780 Leuctricam,
887 727 966 785 quae
985 717 1047 768 nun

148 811 242 870 modo
263 810 339 868 mihi
358 820 524 887 supersteS‚
542 811 598 870 sed
618 810 711 869 etiam
733 811 913 871 immortalis
935 811 976 870 sit
998 831 1048 872 ne·
1085 831 1098 882 5

113 921 237 974 Scesse
261 915 339 973 est.''
384 913 456 987 Quu
481 923 619 990 tempore
646 913 725 972 duce
751 913 900 991 Pelopidu
926 915 1047 974 exsules

147 1018 276 1077 Thebes
301 1025 502 1092 occupurunt
519 1025 550 1076 et
575 1016 764 1093 praesidium
787 1018 1048 1078 Lacedaemoniu-

147 1139 214 1179 rum
245 1137 283 1178 ex
312 1137 382 1178 arce
411 1119 603 1196 expulerunt,
632 1120 874 1197 Epaminundus,
902 1121 1048 1196 quamdiu

147 1224 232 1282 tacta
261 1232 309 1282 est
337 1223 450 1282 caedes
480 1222 601 1295 civium,
632 1222 726 1282 domu
758 1230 792 1282 se
824 1223 932 1296 tenuit,
963 1225 1047 1300 quod

148 1345 251 1403 neque
274 1326 373 1384 malus
398 1325 566 1385 defendere
589 1325 714 1385 volebat
735 1344 835 1402 neque
858 1326 1045 1404 impugnare,
1067 1352 1098 1388 10

147 1437 187 1490 ne
217 1437 326 1487 manus
357 1436 481 1487 suerum
512 1427 662 1506 sanguine
691 1438 883 1489 cruentaret:
914 1449 1047 1506 namque

148 1553 271 1593 omnem
287 1535 408 1593 civilem
423 1535 583 1594 victuriam
598 1535 753 1593 funestam
769 1534 907 1611 putebat.
946 1526 1045 1607 idem,

148 1647 314 1714 postquam
333 1638 415 1714 apud
438 1638 607 1698 Cadmeam
626 1656 695 1696 cum
718 1635 974 1696 Lacedaemoniis
996 1647 1048 1715 pu·

147 1750 237 1819 gnuri
252 1751 395 1818 coeptum
410 1750 466 1813 est,
484 1740 516 1798 in
531 1749 637 1817 primis
653 1740 746 1800 stetit.

114 1853 132 1902 4
192 1844 295 1903 Huius
314 1845 353 1904 de
371 1843 535 1903 virtutibus
553 1852 678 1920 viteque
701 1843 777 1902 satis
799 1843 857 1902 erit
879 1843 1003 1916 dictum,
1021 1853 1047 1903 si
1068 1867 1097 1920 15

148 1948 209 2008 huc
221 1957 315 2007 unum
328 1946 505 2019 adiunxere,
519 1947 603 2023 quod
615 1953 706 2006 nemu
718 1945 775 2005 ibit
786 1947 910 2019 infitias,
921 1947 1047 2006 Thebes

149 2061 180 2110 et
195 2061 267 2110 ante
281 2051 526 2127 Epaminundam
543 2059 649 2109 netum
664 2059 696 2108 et
710 2059 782 2126 post
794 2049 931 2108 eiusdem
947 2049 1048 2117 interi·

149 2163 214 2212 tum
236 2161 386 2231 perpetuu
409 2152 511 2213 alienu
537 2153 677 2229 putuisse
708 2152 845 2229 imperii),
869 2161 977 2212 contre
999 2171 1045 2224 ea,

149 2275 242 2332 quam
265 2255 317 2315 diu
339 2255 389 2314 ille
411 2255 580 2332 praefuerit
601 2265 645 2314 rei
667 2255 818 2331 publicae,
838 2265 931 2331 caput
950 2255 1047 2314 fuisse

149 2368 244 2420 tutius
254 2359 413 2419 Graeciae.
452 2361 497 2418 Ex
510 2366 571 2434 que
584 2358 721 2435 intellegi
732 2366 836 2435 potest
848 2367 941 2417 unum
954 2358 1048 2417 homi·
1067 2386 1096 2422 20

149 2482 220 2522 nem
235 2463 331 2540 pluris
347 2482 439 2539 quam
454 2463 611 2522 civitaitem
626 2463 730 2522 fuisse.
1056 2462 1059 2468 ’

190 2646 206 2695 8
224 2646 366 2711 quamdiu,
385 2648 541 2710 quoad—9
562 2647 591 2696 se
608 2646 708 2710 tenuit,
728 2648 939 2694 remensia—10
957 2644 1048 2697 ‹leien-

148 2731 220 2795 dere,
228 2735 302 2778 tueri.
308 2758 342 2766 -
350 2729 380 2778 16
391 2729 446 2780 init
455 2729 570 2793 insiliis,
579 2730 684 2791 negabit.
690 2757 723 2764 —
731 2742 758 2790 17
772 2728 925 2793 interitum,
934 2736 1048 2776 mortem.

147 2827 219 2862 —20
237 2813 373 2877 intellegi,
386 2817 502 2875 cugnescz’.
