<?xml version="1.0" encoding="UTF-8"?>
<!DOCTYPE html PUBLIC "-//W3C//DTD XHTML 1.0 Transitional//EN"
    "http://www.w3.org/TR/xhtml1/DTD/xhtml1-transitional.dtd">
<html xmlns="http://www.w3.org/1999/xhtml" xml:lang="en" lang="en">
 <head>
  <title>
</title>
<meta http-equiv="Content-Type" content="text/html;charset=utf-8" />
  <meta name='ocr-system' content='tesseract 3.04.00' />
  <meta name='ocr-capabilities' content='ocr_page ocr_carea ocr_par ocr_line ocrx_word'/>
</head>
<body>
  <div class='ocr_page' id='page_1' title='image "./selectedlivesfr01nepogoog_0039.png"; bbox 0 0 2476 3712; ppageno 0'>
   <div class='ocr_carea' id='block_1_1' title="bbox 213 205 857 284">
    <p class='ocr_par' dir='ltr' id='par_1_1' title="bbox 213 205 857 284">
     <span class='ocr_line' id='line_1_1' title="bbox 213 205 857 284; baseline 0.003 -20"><span class='ocrx_word' id='word_1_1' title='bbox 213 205 248 264; x_wconf 74' lang='lat'>12&#39;</span> <span class='ocrx_word' id='word_1_2' title='bbox 418 273 424 284; x_wconf 46' lang='lat'>,</span> <span class='ocrx_word' id='word_1_3' title='bbox 464 216 762 266; x_wconf 75' lang='lat' dir='ltr'>ruuursrocnus.</span> <span class='ocrx_word' id='word_1_4' title='bbox 797 232 821 278; x_wconf 85' lang='lat'>4,</span> <span class='ocrx_word' id='word_1_5' title='bbox 836 230 857 283; x_wconf 80' lang='lat'>5.</span> 
     </span>
    </p>
   </div>
   <div class='ocr_carea' id='block_1_2' title="bbox 129 381 1218 2939">
    <p class='ocr_par' dir='ltr' id='par_1_2' title="bbox 212 381 1112 460">
     <span class='ocr_line' id='line_1_2' title="bbox 212 381 1112 460; baseline 0.007 -20"><span class='ocrx_word' id='word_1_6' title='bbox 212 381 427 443; x_wconf 80' lang='lat' dir='ltr'>sacerdotibus</span> <span class='ocrx_word' id='word_1_7' title='bbox 442 390 521 460; x_wconf 82' lang='lat' dir='ltr'>quos</span> <span class='ocrx_word' id='word_1_8' title='bbox 537 382 570 441; x_wconf 93' lang='lat' dir='ltr'>in</span> <span class='ocrx_word' id='word_1_9' title='bbox 586 402 656 442; x_wconf 86' lang='lat' dir='ltr'>arce</span> <span class='ocrx_word' id='word_1_10' title='bbox 675 383 844 457; x_wconf 76' lang='lat' dir='ltr'>invenerat,</span> <span class='ocrx_word' id='word_1_11' title='bbox 866 385 1013 446; x_wconf 83' lang='lat' dir='ltr'>incendio</span> <span class='ocrx_word' id='word_1_12' title='bbox 1031 388 1112 447; x_wconf 75' lang='lat' dir='ltr'>dele-</span> 
     </span>
    </p>

    <p class='ocr_par' dir='ltr' id='par_1_3' title="bbox 160 466 1164 1082">
     <span class='ocr_line' id='line_1_3' title="bbox 160 466 1112 563; baseline 0.002 -15"><span class='ocrx_word' id='word_1_13' title='bbox 160 466 195 548; x_wconf 82' lang='grc' dir='ltr'>Ι2</span> <span class='ocrx_word' id='word_1_14' title='bbox 210 485 263 546; x_wconf 89' lang='lat' dir='ltr'>vit.</span> <span class='ocrx_word' id='word_1_15' title='bbox 310 485 405 546; x_wconf 77' lang='lat' dir='ltr'>Citius</span> <span class='ocrx_word' id='word_1_16' title='bbox 420 486 544 546; x_wconf 73' lang='lat' dir='ltr'>flammi</span> <span class='ocrx_word' id='word_1_17' title='bbox 565 487 720 563; x_wconf 86' lang='lat' dir='ltr'>perterriti</span> <span class='ocrx_word' id='word_1_18' title='bbox 734 488 885 549; x_wconf 75' lang='lat' dir='ltr'>classiarii</span> <span class='ocrx_word' id='word_1_19' title='bbox 899 508 970 548; x_wconf 88' lang='lat' dir='ltr'>cum</span> <span class='ocrx_word' id='word_1_20' title='bbox 985 499 1112 551; x_wconf 78' lang='lat' dir='ltr'>manere</span> 
     </span>
     <span class='ocr_line' id='line_1_4' title="bbox 212 590 1111 666; baseline 0.008 -19"><span class='ocrx_word' id='word_1_21' title='bbox 212 597 276 648; x_wconf 84' lang='lat' dir='ltr'>non</span> <span class='ocrx_word' id='word_1_22' title='bbox 292 590 443 648; x_wconf 73' lang='lat' dir='ltr'>auderent</span> <span class='ocrx_word' id='word_1_23' title='bbox 461 599 493 648; x_wconf 94' lang='lat' dir='ltr'>et</span> <span class='ocrx_word' id='word_1_24' title='bbox 512 590 634 666; x_wconf 85' lang='lat' dir='ltr'>phirimi</span> <span class='ocrx_word' id='word_1_25' title='bbox 653 591 849 656; x_wconf 74' lang='lat' dir='ltr'>hortarentur</span> <span class='ocrx_word' id='word_1_26' title='bbox 863 602 897 651; x_wconf 94' lang='lat' dir='ltr'>ut</span> <span class='ocrx_word' id='word_1_27' title='bbox 911 593 1022 653; x_wconf 84' lang='lat' dir='ltr'>domos</span> <span class='ocrx_word' id='word_1_28' title='bbox 1037 603 1111 654; x_wconf 80' lang='lat' dir='ltr'>suas</span> 
     </span>
     <span class='ocr_line' id='line_1_5' title="bbox 212 692 1112 771; baseline 0.002 -18"><span class='ocrx_word' id='word_1_29' title='bbox 212 693 407 753; x_wconf 73' lang='lat' dir='ltr'>discederent</span> <span class='ocrx_word' id='word_1_30' title='bbox 436 692 661 771; x_wconf 88' lang='lat' dir='ltr'>moenibusque</span> <span class='ocrx_word' id='word_1_31' title='bbox 691 702 724 754; x_wconf 72' lang='lat' dir='ltr'>se</span> <span class='ocrx_word' id='word_1_32' title='bbox 753 695 966 770; x_wconf 75' lang='lat' dir='ltr'>defenderent,</span> <span class='ocrx_word' id='word_1_33' title='bbox 988 697 1112 756; x_wconf 85' lang='lat' dir='ltr'>Themi-</span> 
     </span>
     <span class='ocr_line' id='line_1_6' title="bbox 212 783 1164 876; baseline 0.003 -20"><span class='ocrx_word' id='word_1_34' title='bbox 212 797 326 856; x_wconf 77' lang='lat' dir='ltr'>stocles</span> <span class='ocrx_word' id='word_1_35' title='bbox 347 804 425 854; x_wconf 86' lang='lat' dir='ltr'>imus</span> <span class='ocrx_word' id='word_1_36' title='bbox 446 796 560 855; x_wconf 88' lang='lat' dir='ltr'>restitit</span> <span class='ocrx_word' id='word_1_37' title='bbox 580 807 610 855; x_wconf 93' lang='lat' dir='ltr'>et</span> <span class='ocrx_word' id='word_1_38' title='bbox 631 796 790 858; x_wconf 80' lang='lat' dir='ltr'>universos</span> <span class='ocrx_word' id='word_1_39' title='bbox 811 805 902 875; x_wconf 72' lang='lat' dir='ltr'>pares</span> <span class='ocrx_word' id='word_1_40' title='bbox 924 813 994 858; x_wconf 88' lang='lat' dir='ltr'>esse</span> <span class='ocrx_word' id='word_1_41' title='bbox 1016 783 1111 876; x_wconf 89' lang='lat' dir='ltr'>posse</span> <span class='ocrx_word' id='word_1_42' title='bbox 1149 815 1164 866; x_wconf 84' lang='lat'>5</span> 
     </span>
     <span class='ocr_line' id='line_1_7' title="bbox 212 894 1113 982; baseline 0.001 -23"><span class='ocrx_word' id='word_1_43' title='bbox 212 899 323 971; x_wconf 76' lang='lat' dir='ltr'>aiebat,</span> <span class='ocrx_word' id='word_1_44' title='bbox 346 900 504 975; x_wconf 83' lang='lat' dir='ltr'>dispersos</span> <span class='ocrx_word' id='word_1_45' title='bbox 526 900 699 959; x_wconf 75' lang='lat' dir='ltr'>testabatur</span> <span class='ocrx_word' id='word_1_46' title='bbox 719 901 879 978; x_wconf 73' lang='lat' dir='ltr'>peritioris,</span> <span class='ocrx_word' id='word_1_47' title='bbox 901 894 995 979; x_wconf 85' lang='lat' dir='ltr'>idque</span> <span class='ocrx_word' id='word_1_48' title='bbox 1019 905 1113 982; x_wconf 89' lang='lat' dir='ltr'>Eury·</span> 
     </span>
     <span class='ocr_line' id='line_1_8' title="bbox 212 1003 1111 1082; baseline 0.003 -19"><span class='ocrx_word' id='word_1_49' title='bbox 212 1003 305 1076; x_wconf 90' lang='lat' dir='ltr'>biadi,</span> <span class='ocrx_word' id='word_1_50' title='bbox 337 1009 400 1080; x_wconf 74' lang='lat' dir='ltr'>regi</span> <span class='ocrx_word' id='word_1_51' title='bbox 437 1003 762 1077; x_wconf 79' lang='lat' dir='ltr'>Lacedaemoniorum,</span> <span class='ocrx_word' id='word_1_52' title='bbox 791 1013 844 1082; x_wconf 89' lang='lat' dir='ltr'>qui</span> <span class='ocrx_word' id='word_1_53' title='bbox 875 1015 940 1065; x_wconf 93' lang='lat' dir='ltr'>tum</span> <span class='ocrx_word' id='word_1_54' title='bbox 972 1025 1111 1067; x_wconf 87' lang='lat' dir='ltr'>summae</span> 
     </span>
    </p>

    <p class='ocr_par' dir='ltr' id='par_1_4' title="bbox 178 1107 1169 1391">
     <span class='ocr_line' id='line_1_9' title="bbox 178 1107 1111 1184; baseline 0.002 -17"><span class='ocrx_word' id='word_1_55' title='bbox 178 1115 196 1167; x_wconf 86' lang='grc'>3</span> <span class='ocrx_word' id='word_1_56' title='bbox 213 1107 320 1183; x_wconf 89' lang='lat' dir='ltr'>imperi</span> <span class='ocrx_word' id='word_1_57' title='bbox 335 1116 484 1184; x_wconf 81' lang='lat' dir='ltr'>praeerat,</span> <span class='ocrx_word' id='word_1_58' title='bbox 500 1107 567 1165; x_wconf 80' lang='lat' dir='ltr'>iore</span> <span class='ocrx_word' id='word_1_59' title='bbox 583 1107 777 1167; x_wconf 77' lang='lat' dir='ltr'>adfirmabat.</span> <span class='ocrx_word' id='word_1_60' title='bbox 808 1109 909 1182; x_wconf 89' lang='lat' dir='ltr'>Quem</span> <span class='ocrx_word' id='word_1_61' title='bbox 924 1128 992 1167; x_wconf 91' lang='lat' dir='ltr'>curn</span> <span class='ocrx_word' id='word_1_62' title='bbox 1008 1109 1111 1169; x_wconf 89' lang='lat' dir='ltr'>minus</span> 
     </span>
     <span class='ocr_line' id='line_1_10' title="bbox 213 1210 1112 1288; baseline 0.002 -20"><span class='ocrx_word' id='word_1_63' title='bbox 213 1229 304 1288; x_wconf 90' lang='lat' dir='ltr'>quam</span> <span class='ocrx_word' id='word_1_64' title='bbox 333 1210 425 1269; x_wconf 91' lang='lat' dir='ltr'>vellet</span> <span class='ocrx_word' id='word_1_65' title='bbox 451 1217 596 1283; x_wconf 77' lang='lat' dir='ltr'>moveret,</span> <span class='ocrx_word' id='word_1_66' title='bbox 622 1220 729 1274; x_wconf 76' lang='lat' dir='ltr'>noctir,</span> <span class='ocrx_word' id='word_1_67' title='bbox 742 1211 781 1270; x_wconf 74' lang='lat' dir='ltr'>de</span> <span class='ocrx_word' id='word_1_68' title='bbox 807 1220 903 1270; x_wconf 90' lang='lat' dir='ltr'>servis</span> <span class='ocrx_word' id='word_1_69' title='bbox 929 1221 993 1270; x_wconf 91' lang='lat' dir='ltr'>suis</span> <span class='ocrx_word' id='word_1_70' title='bbox 1019 1231 1112 1288; x_wconf 91' lang='lat' dir='ltr'>quem</span> 
     </span>
     <span class='ocr_line' id='line_1_11' title="bbox 212 1313 1169 1391; baseline 0.002 -19"><span class='ocrx_word' id='word_1_71' title='bbox 212 1314 320 1373; x_wconf 90' lang='lat' dir='ltr'>habuit</span> <span class='ocrx_word' id='word_1_72' title='bbox 342 1313 553 1373; x_wconf 78' lang='lat' dir='ltr'>fidelissimum</span> <span class='ocrx_word' id='word_1_73' title='bbox 575 1315 615 1372; x_wconf 89' lang='lat' dir='ltr'>ad</span> <span class='ocrx_word' id='word_1_74' title='bbox 635 1321 737 1391; x_wconf 74' lang='lat' dir='ltr'>regem</span> <span class='ocrx_word' id='word_1_75' title='bbox 757 1314 846 1388; x_wconf 86' lang='lat' dir='ltr'>misit,</span> <span class='ocrx_word' id='word_1_76' title='bbox 863 1324 897 1373; x_wconf 92' lang='lat' dir='ltr'>ut</span> <span class='ocrx_word' id='word_1_77' title='bbox 912 1324 941 1373; x_wconf 91' lang='lat' dir='ltr'>ei</span> <span class='ocrx_word' id='word_1_78' title='bbox 956 1315 1112 1374; x_wconf 76' lang='lat' dir='ltr'>nimtiaret</span> <span class='ocrx_word' id='word_1_79' title='bbox 1133 1338 1169 1374; x_wconf 87' lang='grc' dir='ltr'>ιο</span> 
     </span>
    </p>

    <p class='ocr_par' dir='ltr' id='par_1_5' title="bbox 179 1403 1218 1909">
     <span class='ocr_line' id='line_1_12' title="bbox 179 1403 1112 1494; baseline 0.004 -22"><span class='ocrx_word' id='word_1_80' title='bbox 179 1423 277 1477; x_wconf 86' lang='lat' dir='ltr'>4suis</span> <span class='ocrx_word' id='word_1_81' title='bbox 306 1417 407 1476; x_wconf 89' lang='lat' dir='ltr'>verbis</span> <span class='ocrx_word' id='word_1_82' title='bbox 441 1416 633 1476; x_wconf 76' lang='lat' dir='ltr'>adversarios</span> <span class='ocrx_word' id='word_1_83' title='bbox 660 1403 725 1476; x_wconf 79' lang='lat' dir='ltr'>eius</span> <span class='ocrx_word' id='word_1_84' title='bbox 749 1417 781 1475; x_wconf 92' lang='lat' dir='ltr'>in</span> <span class='ocrx_word' id='word_1_85' title='bbox 802 1419 876 1494; x_wconf 73' lang='lat' dir='ltr'>fugi</span> <span class='ocrx_word' id='word_1_86' title='bbox 899 1437 985 1479; x_wconf 87' lang='lat' dir='ltr'>esse:</span> <span class='ocrx_word' id='word_1_87' title='bbox 1010 1427 1063 1494; x_wconf 89' lang='lat' dir='ltr'>qui</span> <span class='ocrx_word' id='word_1_88' title='bbox 1085 1427 1112 1477; x_wconf 90' lang='lat' dir='ltr'>si</span> 
     </span>
     <span class='ocr_line' id='line_1_13' title="bbox 213 1519 1218 1599; baseline 0.001 -19"><span class='ocrx_word' id='word_1_89' title='bbox 213 1519 440 1593; x_wconf 79' lang='lat' dir='ltr'>discessissent,</span> <span class='ocrx_word' id='word_1_90' title='bbox 466 1519 582 1579; x_wconf 77' lang='lat' dir='ltr'>maiore</span> <span class='ocrx_word' id='word_1_91' title='bbox 609 1538 679 1578; x_wconf 92' lang='lat' dir='ltr'>cum</span> <span class='ocrx_word' id='word_1_92' title='bbox 708 1521 813 1580; x_wconf 83' lang='lat' dir='ltr'>labore</span> <span class='ocrx_word' id='word_1_93' title='bbox 839 1530 870 1579; x_wconf 91' lang='lat' dir='ltr'>et</span> <span class='ocrx_word' id='word_1_94' title='bbox 896 1520 1112 1599; x_wconf 81' lang='lat' dir='ltr'>longinquiore</span> <span class='ocrx_word' id='word_1_95' title='bbox 1217 1555 1218 1558; x_wconf 16' lang='grc' dir='ltr'><strong>κ</strong></span> 
     </span>
     <span class='ocr_line' id='line_1_14' title="bbox 213 1615 1218 1706; baseline 0 -22"><span class='ocrx_word' id='word_1_96' title='bbox 213 1634 351 1701; x_wconf 91' lang='lat' dir='ltr'>tempore</span> <span class='ocrx_word' id='word_1_97' title='bbox 366 1623 481 1682; x_wconf 90' lang='lat' dir='ltr'>bellurn</span> <span class='ocrx_word' id='word_1_98' title='bbox 497 1624 718 1700; x_wconf 79' lang='lat' dir='ltr'>coniecturum,</span> <span class='ocrx_word' id='word_1_99' title='bbox 735 1642 804 1682; x_wconf 92' lang='lat' dir='ltr'>cum</span> <span class='ocrx_word' id='word_1_100' title='bbox 827 1623 965 1701; x_wconf 81' lang='lat' dir='ltr'>singulos</span> <span class='ocrx_word' id='word_1_101' title='bbox 987 1631 1113 1684; x_wconf 81' lang='lat' dir='ltr'>consec·</span> <span class='ocrx_word' id='word_1_102' title='bbox 1217 1615 1218 1706; x_wconf 74' lang='lat' dir='ltr'>i</span> 
     </span>
     <span class='ocr_line' id='line_1_15' title="bbox 213 1726 1218 1805; baseline -0.002 -17"><span class='ocrx_word' id='word_1_103' title='bbox 213 1737 271 1788; x_wconf 77' lang='lat' dir='ltr'>tari</span> <span class='ocrx_word' id='word_1_104' title='bbox 294 1733 473 1805; x_wconf 77' lang='lat' dir='ltr'>cogeretur:</span> <span class='ocrx_word' id='word_1_105' title='bbox 503 1734 582 1803; x_wconf 83' lang='lat' dir='ltr'>quos</span> <span class='ocrx_word' id='word_1_106' title='bbox 605 1735 631 1785; x_wconf 92' lang='lat' dir='ltr'>si</span> <span class='ocrx_word' id='word_1_107' title='bbox 653 1726 756 1785; x_wconf 89' lang='lat' dir='ltr'>statim</span> <span class='ocrx_word' id='word_1_108' title='bbox 779 1728 1003 1804; x_wconf 74' lang='lat' dir='ltr'>aggrederetur,</span> <span class='ocrx_word' id='word_1_109' title='bbox 1027 1728 1113 1786; x_wconf 89' lang='lat' dir='ltr'>brevi</span> <span class='ocrx_word' id='word_1_110' title='bbox 1217 1737 1218 1778; x_wconf 62' lang='lat' dir='ltr'>i</span> 
     </span>
     <span class='ocr_line' id='line_1_16' title="bbox 214 1830 1218 1909; baseline 0 -19"><span class='ocrx_word' id='word_1_111' title='bbox 214 1831 374 1890; x_wconf 82' lang='lat' dir='ltr'>universos</span> <span class='ocrx_word' id='word_1_112' title='bbox 390 1839 617 1907; x_wconf 78' lang='lat' dir='ltr'>oppressurum.</span> <span class='ocrx_word' id='word_1_113' title='bbox 643 1831 715 1889; x_wconf 81' lang='lat' dir='ltr'>Hoc</span> <span class='ocrx_word' id='word_1_114' title='bbox 730 1837 768 1890; x_wconf 81' lang='lat' dir='ltr'>eo</span> <span class='ocrx_word' id='word_1_115' title='bbox 783 1831 913 1902; x_wconf 78' lang='lat' dir='ltr'>valebat,</span> <span class='ocrx_word' id='word_1_116' title='bbox 925 1840 958 1888; x_wconf 92' lang='lat' dir='ltr'>ut</span> <span class='ocrx_word' id='word_1_117' title='bbox 973 1830 1114 1909; x_wconf 80' lang='lat' dir='ltr'>ingratiis</span> <span class='ocrx_word' id='word_1_118' title='bbox 1138 1856 1169 1909; x_wconf 83' lang='lat'>15</span> <span class='ocrx_word' id='word_1_119' title='bbox 1217 1873 1218 1876; x_wconf 62' lang='lat'>,</span> 
     </span>
    </p>

    <p class='ocr_par' dir='ltr' id='par_1_6' title="bbox 181 1934 1170 2426">
     <span class='ocr_line' id='line_1_17' title="bbox 181 1934 1115 2012; baseline 0.004 -22"><span class='ocrx_word' id='word_1_120' title='bbox 181 1940 197 1990; x_wconf 88' lang='grc'><strong>5</strong></span> <span class='ocrx_word' id='word_1_121' title='bbox 215 1935 254 1994; x_wconf 91' lang='lat' dir='ltr'>ad</span> <span class='ocrx_word' id='word_1_122' title='bbox 270 1934 633 2012; x_wconf 72' lang='lat' dir='ltr'>deprignandum-omnes</span> <span class='ocrx_word' id='word_1_123' title='bbox 649 1941 840 2011; x_wconf 68' lang='lat' dir='ltr'>erigerentur.</span> <span class='ocrx_word' id='word_1_124' title='bbox 873 1935 943 1992; x_wconf 76' lang='lat' dir='ltr'>Hac</span> <span class='ocrx_word' id='word_1_125' title='bbox 959 1941 991 1994; x_wconf 74' lang='lat' dir='ltr'>re</span> <span class='ocrx_word' id='word_1_126' title='bbox 1007 1935 1115 1994; x_wconf 69' lang='lat' dir='ltr'>auditi</span> 
     </span>
     <span class='ocr_line' id='line_1_18' title="bbox 214 2036 1115 2113; baseline 0.001 -16"><span class='ocrx_word' id='word_1_127' title='bbox 214 2039 372 2111; x_wconf 91' lang='lat' dir='ltr'>barbarus,</span> <span class='ocrx_word' id='word_1_128' title='bbox 389 2037 465 2095; x_wconf 88' lang='lat' dir='ltr'>nihil</span> <span class='ocrx_word' id='word_1_129' title='bbox 489 2036 552 2097; x_wconf 91' lang='lat' dir='ltr'>doli</span> <span class='ocrx_word' id='word_1_130' title='bbox 575 2038 704 2096; x_wconf 91' lang='lat' dir='ltr'>subesse</span> <span class='ocrx_word' id='word_1_131' title='bbox 724 2038 862 2110; x_wconf 74' lang='lat' dir='ltr'>credens,</span> <span class='ocrx_word' id='word_1_132' title='bbox 879 2037 1028 2113; x_wconf 78' lang='lat' dir='ltr'>postridie</span> <span class='ocrx_word' id='word_1_133' title='bbox 1044 2037 1115 2098; x_wconf 62' lang='lat' dir='ltr'>alie</span> 
     </span>
     <span class='ocr_line' id='line_1_19' title="bbox 215 2139 1113 2217; baseline -0.001 -17"><span class='ocrx_word' id='word_1_134' title='bbox 215 2141 344 2201; x_wconf 71' lang='lat' dir='ltr'>nissimi&gt;</span> <span class='ocrx_word' id='word_1_135' title='bbox 367 2139 427 2199; x_wconf 90' lang='lat' dir='ltr'>sibi</span> <span class='ocrx_word' id='word_1_136' title='bbox 449 2141 526 2213; x_wconf 82' lang='lat' dir='ltr'>loco,</span> <span class='ocrx_word' id='word_1_137' title='bbox 549 2149 656 2198; x_wconf 77' lang='lat' dir='ltr'>contra</span> <span class='ocrx_word' id='word_1_138' title='bbox 679 2139 942 2217; x_wconf 75' lang='lat' dir='ltr'>opportunissimo</span> <span class='ocrx_word' id='word_1_139' title='bbox 960 2140 1113 2216; x_wconf 86' lang='lat' dir='ltr'>hostibus,</span> 
     </span>
     <span class='ocr_line' id='line_1_20' title="bbox 216 2223 1115 2320; baseline -0.001 -16"><span class='ocrx_word' id='word_1_140' title='bbox 216 2245 296 2304; x_wconf 84' lang='lat' dir='ltr'>aded</span> <span class='ocrx_word' id='word_1_141' title='bbox 328 2223 460 2320; x_wconf 80' lang='lat' dir='ltr'>angusto</span> <span class='ocrx_word' id='word_1_142' title='bbox 496 2252 572 2311; x_wconf 79' lang='lat' dir='ltr'>mari</span> <span class='ocrx_word' id='word_1_143' title='bbox 608 2243 746 2302; x_wconf 79' lang='lat' dir='ltr'>conflixit</span> <span class='ocrx_word' id='word_1_144' title='bbox 783 2253 816 2302; x_wconf 93' lang='lat' dir='ltr'>ut</span> <span class='ocrx_word' id='word_1_145' title='bbox 849 2242 915 2302; x_wconf 75' lang='lat' dir='ltr'>eius</span> <span class='ocrx_word' id='word_1_146' title='bbox 949 2242 1115 2303; x_wconf 83' lang='lat' dir='ltr'>multitudo</span> 
     </span>
     <span class='ocr_line' id='line_1_21' title="bbox 216 2345 1170 2426; baseline 0.002 -20"><span class='ocrx_word' id='word_1_147' title='bbox 216 2348 340 2408; x_wconf 76' lang='lat' dir='ltr'>nivium</span> <span class='ocrx_word' id='word_1_148' title='bbox 370 2346 516 2423; x_wconf 83' lang='lat' dir='ltr'>explicari</span> <span class='ocrx_word' id='word_1_149' title='bbox 545 2353 608 2406; x_wconf 79' lang='lat' dir='ltr'>non</span> <span class='ocrx_word' id='word_1_150' title='bbox 637 2345 780 2423; x_wconf 90' lang='lat' dir='ltr'>potuerit.</span> <span class='ocrx_word' id='word_1_151' title='bbox 824 2347 934 2404; x_wconf 90' lang='lat' dir='ltr'>Victus</span> <span class='ocrx_word' id='word_1_152' title='bbox 963 2353 1037 2424; x_wconf 78' lang='lat' dir='ltr'>ergo</span> <span class='ocrx_word' id='word_1_153' title='bbox 1066 2357 1170 2426; x_wconf 77' lang='lat' dir='ltr'>estzo</span> 
     </span>
    </p>

    <p class='ocr_par' dir='ltr' id='par_1_7' title="bbox 129 2445 1163 2530">
     <span class='ocr_line' id='line_1_22' title="bbox 129 2445 1163 2530; baseline -0.002 -19"><span class='ocrx_word' id='word_1_154' title='bbox 129 2445 131 2450; x_wconf 71' lang='grc'><strong>’</strong></span> <span class='ocrx_word' id='word_1_155' title='bbox 216 2451 314 2530; x_wconf 89' lang='lat' dir='ltr'>magis</span> <span class='ocrx_word' id='word_1_156' title='bbox 330 2449 423 2510; x_wconf 92' lang='lat' dir='ltr'>etiam</span> <span class='ocrx_word' id='word_1_157' title='bbox 438 2449 570 2509; x_wconf 83' lang='lat' dir='ltr'>consilio</span> <span class='ocrx_word' id='word_1_158' title='bbox 585 2448 788 2509; x_wconf 89' lang='lat' dir='ltr'>Themistocli</span> <span class='ocrx_word' id='word_1_159' title='bbox 805 2467 897 2526; x_wconf 90' lang='lat' dir='ltr'>quam</span> <span class='ocrx_word' id='word_1_160' title='bbox 913 2459 1005 2508; x_wconf 89' lang='lat' dir='ltr'>armis</span> <span class='ocrx_word' id='word_1_161' title='bbox 1021 2451 1114 2509; x_wconf 89' lang='lat' dir='ltr'>Grae·</span> <span class='ocrx_word' id='word_1_162' title='bbox 1160 2451 1163 2456; x_wconf 84' lang='lat'>&#39;</span> 
     </span>
    </p>

    <p class='ocr_par' dir='ltr' id='par_1_8' title="bbox 216 2555 291 2614">
     <span class='ocr_line' id='line_1_23' title="bbox 216 2555 291 2614; baseline 0 0"><span class='ocrx_word' id='word_1_163' title='bbox 216 2555 291 2614; x_wconf 89' lang='lat' dir='ltr'>ciae.</span> 
     </span>
    </p>

    <p class='ocr_par' dir='ltr' id='par_1_9' title="bbox 177 2641 1170 2939">
     <span class='ocr_line' id='line_1_24' title="bbox 177 2641 1116 2732; baseline -0.004 -15"><span class='ocrx_word' id='word_1_164' title='bbox 177 2658 201 2718; x_wconf 88' lang='lat'><strong>5</strong></span> <span class='ocrx_word' id='word_1_165' title='bbox 259 2641 323 2716; x_wconf 87' lang='lat' dir='ltr'>Hic</span> <span class='ocrx_word' id='word_1_166' title='bbox 339 2667 397 2716; x_wconf 90' lang='lat' dir='ltr'>etsi</span> <span class='ocrx_word' id='word_1_167' title='bbox 410 2655 488 2715; x_wconf 89' lang='lat' dir='ltr'>male</span> <span class='ocrx_word' id='word_1_168' title='bbox 503 2674 567 2714; x_wconf 91' lang='lat' dir='ltr'>rem</span> <span class='ocrx_word' id='word_1_169' title='bbox 582 2663 730 2732; x_wconf 84' lang='lat' dir='ltr'>gesserat,</span> <span class='ocrx_word' id='word_1_170' title='bbox 741 2663 845 2713; x_wconf 88' lang='lat' dir='ltr'>tamen</span> <span class='ocrx_word' id='word_1_171' title='bbox 860 2663 964 2713; x_wconf 70' lang='lat' dir='ltr'>tantis</span> <span class='ocrx_word' id='word_1_172' title='bbox 979 2654 1116 2714; x_wconf 80' lang='lat' dir='ltr'>habebat</span> 
     </span>
     <span class='ocr_line' id='line_1_25' title="bbox 216 2756 1116 2837; baseline -0.003 -17"><span class='ocrx_word' id='word_1_173' title='bbox 216 2760 363 2837; x_wconf 73' lang='lat' dir='ltr'>reliquiis</span> <span class='ocrx_word' id='word_1_174' title='bbox 375 2759 532 2836; x_wconf 73' lang='lat' dir='ltr'>copiarum</span> <span class='ocrx_word' id='word_1_175' title='bbox 545 2767 578 2816; x_wconf 93' lang='lat' dir='ltr'>ut</span> <span class='ocrx_word' id='word_1_176' title='bbox 590 2757 683 2816; x_wconf 89' lang='lat' dir='ltr'>etiam</span> <span class='ocrx_word' id='word_1_177' title='bbox 695 2767 759 2816; x_wconf 93' lang='lat' dir='ltr'>tum</span> <span class='ocrx_word' id='word_1_178' title='bbox 772 2756 809 2816; x_wconf 88' lang='lat' dir='ltr'>iis</span> <span class='ocrx_word' id='word_1_179' title='bbox 821 2756 993 2833; x_wconf 90' lang='lat' dir='ltr'>opprimere</span> <span class='ocrx_word' id='word_1_180' title='bbox 1009 2767 1116 2834; x_wconf 91' lang='lat' dir='ltr'>posset</span> 
     </span>
     <span class='ocr_line' id='line_1_26' title="bbox 217 2861 1170 2939; baseline -0.003 -15"><span class='ocrx_word' id='word_1_181' title='bbox 217 2866 332 2924; x_wconf 76' lang='lat' dir='ltr'>hostes.</span> <span class='ocrx_word' id='word_1_182' title='bbox 364 2867 480 2923; x_wconf 89' lang='lat' dir='ltr'>Iterum</span> <span class='ocrx_word' id='word_1_183' title='bbox 496 2863 535 2922; x_wconf 88' lang='lat' dir='ltr'>ab</span> <span class='ocrx_word' id='word_1_184' title='bbox 551 2861 661 2922; x_wconf 79' lang='lat' dir='ltr'>eodem</span> <span class='ocrx_word' id='word_1_185' title='bbox 675 2862 773 2938; x_wconf 84' lang='lat' dir='ltr'>gradu</span> <span class='ocrx_word' id='word_1_186' title='bbox 787 2861 935 2937; x_wconf 81' lang='lat' dir='ltr'>depulsus</span> <span class='ocrx_word' id='word_1_187' title='bbox 951 2870 1008 2921; x_wconf 91' lang='lat' dir='ltr'>est.</span> <span class='ocrx_word' id='word_1_188' title='bbox 1033 2864 1063 2919; x_wconf 95' lang='lat' dir='ltr'>N</span> <span class='ocrx_word' id='word_1_189' title='bbox 1067 2880 1116 2919; x_wconf 89' lang='lat' dir='ltr'>am</span> <span class='ocrx_word' id='word_1_190' title='bbox 1136 2888 1170 2939; x_wconf 80' lang='lat'>²5</span> 
     </span>
    </p>
   </div>
   <div class='ocr_carea' id='block_1_3' title="bbox 205 3033 1208 3355">
    <p class='ocr_par' dir='ltr' id='par_1_10' title="bbox 205 3033 1208 3355">
     <span class='ocr_line' id='line_1_27' title="bbox 260 3033 1117 3101; baseline -0.009 -11"><span class='ocrx_word' id='word_1_191' title='bbox 260 3052 275 3100; x_wconf 82' lang='lat'><strong>4</strong></span> <span class='ocrx_word' id='word_1_192' title='bbox 288 3037 465 3101; x_wconf 66' lang='lat' dir='ltr'>discederent,</span> <span class='ocrx_word' id='word_1_193' title='bbox 478 3036 583 3084; x_wconf 77' lang='lat' dir='ltr'>abirent.</span> <span class='ocrx_word' id='word_1_194' title='bbox 592 3033 651 3083; x_wconf 89' lang='lat'>-6</span> <span class='ocrx_word' id='word_1_195' title='bbox 662 3033 764 3099; x_wconf 72' lang='lat' dir='ltr'>diebst,</span> <span class='ocrx_word' id='word_1_196' title='bbox 777 3033 879 3083; x_wconf 64' lang='lat' dir='ltr'>dicebat.</span> <span class='ocrx_word' id='word_1_197' title='bbox 889 3045 948 3097; x_wconf 90' lang='lat'>-9</span> <span class='ocrx_word' id='word_1_198' title='bbox 960 3035 1050 3098; x_wconf 82' lang='lat' dir='ltr'>nocti,</span> <span class='ocrx_word' id='word_1_199' title='bbox 1063 3050 1117 3082; x_wconf 85' lang='lat' dir='ltr'>noc-</span> 
     </span>
     <span class='ocr_line' id='line_1_28' title="bbox 218 3117 1114 3184; baseline -0.001 -14"><span class='ocrx_word' id='word_1_200' title='bbox 218 3127 298 3170; x_wconf 79' lang='lat' dir='ltr'>turno·</span> <span class='ocrx_word' id='word_1_201' title='bbox 312 3127 502 3184; x_wconf 68' lang='lat' dir='ltr'>tempora—12</span> <span class='ocrx_word' id='word_1_202' title='bbox 519 3117 719 3183; x_wconf 80' lang='lat' dir='ltr'>discessissent,</span> <span class='ocrx_word' id='word_1_203' title='bbox 736 3118 900 3182; x_wconf 46' lang='lat' dir='ltr'>epytafium&amp;</span> <span class='ocrx_word' id='word_1_204' title='bbox 917 3117 1114 3183; x_wconf 79' lang='lat' dir='ltr'>longinquidre‚</span> 
     </span>
     <span class='ocr_line' id='line_1_29' title="bbox 205 3201 1208 3276; baseline -0.002 -22"><span class='ocrx_word' id='word_1_205' title='bbox 205 3207 336 3270; x_wconf 34' lang='lat' dir='ltr'>,longiora</span> <span class='ocrx_word' id='word_1_206' title='bbox 346 3232 380 3242; x_wconf 92' lang='lat'>-</span> <span class='ocrx_word' id='word_1_207' title='bbox 392 3216 422 3263; x_wconf 81' lang='lat'>14</span> <span class='ocrx_word' id='word_1_208' title='bbox 442 3203 640 3276; x_wconf 60' lang='lat' dir='ltr'>aggrederetur,</span> <span class='ocrx_word' id='word_1_209' title='bbox 659 3203 791 3264; x_wconf 81' lang='lat' dir='ltr'>impetum.</span> <span class='ocrx_word' id='word_1_210' title='bbox 795 3201 895 3266; x_wconf 82' lang='lat' dir='ltr'>faceret</span> <span class='ocrx_word' id='word_1_211' title='bbox 911 3202 947 3252; x_wconf 83' lang='lat' dir='ltr'>in.</span> <span class='ocrx_word' id='word_1_212' title='bbox 957 3229 991 3237; x_wconf 90' lang='lat'>—-</span> <span class='ocrx_word' id='word_1_213' title='bbox 1003 3213 1030 3266; x_wconf 89' lang='lat'>17</span> <span class='ocrx_word' id='word_1_214' title='bbox 1050 3201 1115 3268; x_wconf 89' lang='lat' dir='ltr'>doli,</span> <span class='ocrx_word' id='word_1_215' title='bbox 1207 3207 1208 3212; x_wconf 78' lang='grc'>’</span> 
     </span>
     <span class='ocr_line' id='line_1_30' title="bbox 211 3281 734 3355; baseline -0.011 -16"><span class='ocrx_word' id='word_1_216' title='bbox 211 3281 329 3355; x_wconf 69' lang='lat' dir='ltr'>fraudis.</span> <span class='ocrx_word' id='word_1_217' title='bbox 339 3315 372 3325; x_wconf 95' lang='lat'>-</span> <span class='ocrx_word' id='word_1_218' title='bbox 383 3299 414 3348; x_wconf 81' lang='lat'>24</span> <span class='ocrx_word' id='word_1_219' title='bbox 426 3285 585 3350; x_wconf 81' lang='lat' dir='ltr'>opprimere,</span> <span class='ocrx_word' id='word_1_220' title='bbox 598 3285 734 3334; x_wconf 64' lang='lat' dir='ltr'>divinem.</span> 
     </span>
    </p>
   </div>
   <div class='ocr_carea' id='block_1_4' title="bbox 0 0 1253 3712">
    <p class='ocr_par' dir='ltr' id='par_1_11' title="bbox 0 0 1253 3712">
     <span class='ocr_line' id='line_1_31' title="bbox 0 0 1253 3712; baseline 0 0"><span class='ocrx_word' id='word_1_221' title='bbox 0 0 1253 3712; x_wconf 95' lang='lat' dir='ltr'> </span> 
     </span>
    </p>
   </div>
  </div>
 </body>
</html>
