2476 3712
229 205 246 254 a
525 202 740 250 unwanus.
776 202 835 264 7,s.

231 380 286 430 rat.
312 373 421 447 Itaque
437 389 506 429 curn
518 370 589 446 ,ipse
601 369 657 446 prb
668 376 701 428 se
713 369 816 428 dicere'
828 375 891 428 nrin
904 379 1019 454 posset,
1033 371 1126 430 verba

197 485 215 534 6
230 473 305 533 fecit
320 474 416 532 irater
430 472 496 532 eius
514 473 703 550 Stesagoras.
749 473 852 531 Causa
874 472 998 549 cognita
1014 461 1125 550 ¹capitis

232 576 391 635 absolutus
413 575 545 652 pecunia
567 575 713 634 multatus
736 584 792 648 est,
808 575 962 651 eaquelis
980 583 1126 652 quinqua-

230 678 318 758 ginta
347 677 472 738 talentis
502 678 666 737 aestimata
694 686 751 751 est,
776 687 910 754 quantus
939 677 971 735 in
996 678 1125 736 classem

232 791 372 859 sumptus
386 782 489 841 iactus
503 790 577 840 erat.
623 783 717 840 Hanc
732 780 895 858 pecuniam
910 781 994 857 quod
1009 781 1126 840 solvere
1163 800 1175 851 5

231 885 263 943 in
286 884 463 961 praesentia
485 890 548 944 nrin
569 893 700 961 poterat,
717 884 749 944 in
770 883 893 942 vincula
913 884 1037 960 publica
1059 899 1126 942 con·

232 987 330 1047 iectus
345 997 393 1048 est
408 987 512 1064 ibique
528 986 610 1047 diem
625 986 702 1046 obiit
717 994 901 1063 supremum.

195 1087 220 1148 8
275 1093 338 1149 Hic
359 1099 419 1150 etsi
440 1089 566 1149 crimine
590 1089 682 1149 Paris>
697 1099 745 1149 est
759 1097 931 1162 accusatus,
948 1099 1051 1150 tamen
1068 1088 1127 1147 alia

232 1212 327 1253 causa
340 1193 399 1253 fuit
414 1193 632 1253 damnatirinis.
659 1195 802 1268 Namque
818 1191 1025 1252 Athenienses
1039 1211 1127 1269 prop

232 1306 279 1357 ter
305 1297 458 1356 Pisistrati
484 1297 686 1372 tyrannidem,
704 1315 783 1372 quae
803 1304 911 1372 paucis
937 1304 1027 1354 annis
1056 1304 1178 1356 antero

232 1400 341 1472 fuerat,
365 1399 501 1459 omnium
528 1398 640 1458 civium
666 1406 788 1457 subrum
813 1398 983 1476 potentiam
1006 1397 1129 1457 extime

199 1511 216 1563 2
233 1504 370 1562 scebant.
417 1502 585 1576 Miltiades
601 1502 730 1560 multum
746 1501 776 1559 in
792 1501 928 1578 imperiis
949 1501 1129 1580 magistrati-

233 1608 353 1683 busque
368 1614 517 1676 versatus
534 1612 597 1665 nbn
612 1604 774 1664 videbatur
789 1623 882 1682 posse
896 1623 966 1664 esse
981 1613 1127 1682 privatus,

233 1708 412 1786 praesertim
425 1727 495 1767 curn
510 1707 735 1767 cbnsuetr'rdine
750 1707 790 1766 ad
805 1707 914 1784 imperi
928 1708 1129 1786 cupiditatem

199 1821 217 1871 3
233 1812 314 1872 trahi
328 1812 489 1872 videretur.
534 1814 615 1870 Nam
636 1813 823 1882 Chersonesi
842 1821 951 1873 omnes
966 1813 1036 1873 illus
1051 1819 1130 1889 qubs
1153 1839 1180 1890 15

233 1915 388 1975 habitarat
401 1923 499 1974 anneis
509 1925 689 1993 perpetuam
701 1916 878 1980 obtinuerat
888 1915 1131 1976 dominatibnem
1213 1979 1214 2006 q

233 2028 443 2098 tyrannusque
458 2018 559 2078 iuerat
574 2020 756 2097 appellatus
770 2020 826 2079 sed
841 2020 948 2079 iustus.
976 2022 1006 2078 N
1009 2027 1049 2079 (in
1065 2027 1132 2076 erat

234 2121 317 2181 enirn
335 2131 365 2181 vi
380 2129 575 2194 cbnsecsrtus
592 2123 648 2181 sed
671 2130 795 2182 suerum
816 2123 984 2195 voluntate,
1001 2140 1131 2198 eamque

234 2233 420 2302 potestatem
449 2225 588 2284 bonitate
619 2225 780 2285 retinebat.
825 2226 942 2285 Omnes
972 2235 1075 2284 autem
1101 2234 1133 2283 et
1212 2295 1213 2302 ἵ

235 2328 379 2388 dicuntur
404 2338 435 2387 et
460 2328 614 2387 habentur
643 2338 765 2408 tyranni
794 2338 846 2405 qui
875 2337 1029 2405 potestate
1058 2336 1133 2386 sunt
1153 2351 1182 2386 20
1212 2309 1213 2399 i

200 2437 218 2485 4
235 2440 384 2509 perpetua
399 2431 430 2489 in
447 2440 483 2491 ea
499 2431 624 2490 civitate
641 2451 719 2509 quae
736 2432 878 2492 libertate
894 2442 950 2491 sisa
965 2441 1021 2491 est.
1069 2431 1134 2490 Sed

235 2533 266 2591 in
283 2534 426 2594 Miltiade
448 2543 514 2593 erat
536 2553 606 2593 curn
628 2553 747 2593 summa
769 2534 954 2608 humanitas,
971 2545 1036 2593 turn
1056 2543 1134 2592 mira
1211 2573 1212 2618 ἢ

235 2637 448 2710 communitas,
465 2647 499 2696 ut
517 2645 608 2697 nemu
626 2646 689 2695 tam
706 2637 829 2698 humilis
846 2647 930 2698 esset
946 2637 995 2697 cui
1013 2645 1076 2698 nbn
1093 2637 1135 2696 ad
1211 2625 1212 2681 i

235 2759 306 2799 eum
321 2741 423 2800 aditus
439 2747 578 2817 pateret3
601 2748 714 2817 magna
736 2741 903 2811 auctbritas
926 2741 1010 2819 apud
1025 2747 1135 2800 omnes

236 2844 385 2916 civitates,
405 2843 509 2903 nbbile
533 2851 654 2916 numen,
674 2843 742 2902 laus
764 2853 808 2903 rei
829 2843 969 2903 militaris
991 2843 1134 2903 maxima.
1155 2864 1182 2915 ²5
1210 2827 1211 2838 ¹

238 2949 327 3006 Haec
356 2947 489 3023 populus
522 2945 692 3023 respiciens
726 2947 832 3006 maluit
862 2947 946 3004 illurn
975 2946 1135 3006 innoxium

236 3051 330 3127 plecti
345 3057 487 3126 quam-se
503 3049 618 3109 diutius
634 3068 703 3108 esse
719 3049 751 3107 in
766 3050 883 3110 timbre.

281 3214 290 3246 1
306 3201 387 3251 verba
399 3197 475 3264 fecit,
488 3200 579 3246 ardwit.
587 3225 621 3234 —-
632 3211 660 3245 12
674 3199 800 3264 multum,
813 3207 890 3262 saepe.
898 3227 931 3235 -
943 3199 973 3248 16
985 3200 1136 3264 habitirat,

237 3287 384 3334 incoluerat.
392 3313 425 3321 -
435 3298 463 3346 17
478 3286 536 3336 erat
554 3286 723 3349 cinsecittus,
736 3293 792 3333 erat
802 3286 913 3348 adeptus.
923 3313 957 3322 -
969 3297 999 3368 rp
1015 3287 1139 3350 potesti-

237 3369 303 3430 tem,
317 3369 463 3430 imperium.
471 3395 506 3404 —
515 3381 547 3416 20
559 3365 694 3427 dicuntur,
708 3367 887 3414 no'minantur.
