2476 3712
162 209 195 258 62
457 210 675 260 Auasrrnus.
713 223 734 274 ς,
747 210 769 259 6.

327 301 330 326 Ι

163 376 330 436 cidissent:
365 397 498 454 namque
521 377 573 436 illa
594 377 798 451 multitudine,
822 387 849 436 si
874 387 949 437 sana
972 385 1060 437 mens

163 489 254 552 esset,
279 480 430 539 Graeciae
457 461 641 557 sirpplicium
668 483 778 540 Persas
808 482 881 540 dare
910 482 1058 558 potuisse.

129 590 145 640 3
164 569 260 655 idem,
277 601 347 642 cum
365 571 558 643 adversarias
580 584 659 642 intra
677 584 798 643 moenia
814 584 1014 661 compulisset
1029 596 1060 645 et

163 696 197 744 ut
209 685 390 765 Corinthum
407 696 601 764 oppugnaret
617 687 703 746 multi
719 688 921 761 hortarentur,
936 689 1060 766 negavit

163 789 195 848 id
217 807 290 848 suae
305 789 409 848 virtuti
432 799 614 849 convenire:
648 798 681 848 se
702 791 783 849 enim
804 809 873 850 eum
893 810 962 850 esse
983 792 1060 851 dixit
1097 807 1111 858 5

163 903 216 970 qui
238 894 278 952 ad
299 894 432 953 officium
455 902 621 971 peccantes
644 897 742 955 redire
765 903 896 973 erigeret,
921 904 982 956 nan
1007 907 1059 973 qui

128 998 254 1057 turbes
285 998 496 1057 nabilissimas
525 1009 715 1076 expugnaret
744 1000 902 1059 Graeciae.
950 1003 1059 1059 “Nam

163 1101 219 1174 si,’'
236 1101 344 1178 inquit,
366 1109 447 1161 “eas
468 1103 662 1179 exstinguere
680 1103 865 1162 voluerimus
883 1113 936 1180 qui
959 1104 1060 1163 nabis-

163 1222 232 1261 cum
255 1205 403 1264 adversus
425 1206 573 1264 barbaras
596 1214 755 1278 steterunt,
777 1214 899 1266 nasmet
921 1207 980 1284 ipsi
1002 1215 1059 1267 nas

163 1308 439 1384 expugnaverimus
455 1308 515 1366 illis
531 1309 771 1384 quiescentibus
806 1310 878 1383 Qua
892 1310 977 1369 iacta
992 1310 1059 1369 sine
1080 1329 1111 1364 10

131 1435 136 1448 ·
163 1410 297 1487 negritia,
314 1430 383 1469 eum
399 1411 560 1484 voluerint,
577 1420 635 1471 nas
651 1413 854 1489 oppriment.’'

127 1505 150 1564 6
205 1513 333 1571 Interim
349 1513 462 1572 accidit
478 1514 530 1572 illa
545 1514 704 1574 calamitas
720 1516 803 1592 apud
819 1517 952 1575 Leuctra
967 1519 1060 1575 Lace·

163 1616 343 1675 daemoniis.
376 1617 447 1690 Qua
463 1625 501 1676 na
516 1619 769 1694 proficisceretur,
787 1638 856 1678 cum
871 1628 890 1678 a
905 1620 1059 1696 plerisque

163 1720 203 1778 ad
225 1720 398 1778 exeundum
420 1728 615 1797 premeretur,
634 1731 667 1780 ut
689 1731 715 1780 si
738 1723 776 1780 de
798 1722 881 1781 exitu
896 1724 1057 1794 divinaret,

163 1833 245 1882 exire
275 1824 381 1884 naluit.
438 1812 534 1897 Idem,
563 1845 632 1883 cum
660 1826 890 1901 Epaminondas
918 1828 1058 1902 Spartam
1080 1841 1110 1894 15

163 1911 355 2004 eppirgnaret
373 1938 517 2004 essetque
538 1928 604 1986 sine
623 1939 717 1988 minis
738 1929 893 2005 oppidum,
911 1930 1003 1989 talem
1025 1937 1058 1988 se

163 2030 377 2106 imperatarem
397 2030 539 2106 praebuit
555 2041 587 2089 ut
603 2039 641 2090 ea
656 2042 794 2109 tempore
809 2032 952 2091 omnibus
968 2041 1059 2109 appa-

163 2133 263 2206 ruerit,
281 2133 341 2192 nisi
356 2133 407 2192 ille
422 2134 541 2206 fuisset,
561 2137 701 2211 Spartam
721 2137 854 2194 futuram
875 2143 936 2195 nan
952 2136 1057 2195 fuisse.
1105 2155 1109 2170 ·

129 2238 200 2293 ain
231 2244 293 2311 qua
322 2236 447 2312 quidem
477 2237 653 2296 discrimine
683 2238 824 2297 celeritas
853 2238 920 2297 eius
950 2239 1059 2298 cansili

163 2339 254 2398 saluti
273 2339 331 2398 fuit
352 2340 511 2399 aniversis.
557 2343 637 2399 Nam
653 2360 722 2399 cum
738 2343 863 2418 quidam
882 2343 1059 2401 adulescen-
1079 2357 1112 2391 20

163 2443 227 2514 tuli,
244 2443 378 2502 hostium
394 2444 528 2502 adventu
544 2445 705 2520 perterriti,
723 2446 762 2503 ad
778 2445 946 2505 Thebanas
964 2454 1060 2505 trans·

162 2545 267 2622 fugere
277 2546 392 2604 veilent
402 2556 432 2604 et
442 2547 542 2605 iocum
552 2556 638 2605 extra
648 2548 754 2606 urbem
768 2547 883 2606 aditum
894 2549 1058 2624 cepissent,

163 2648 336 2725 Agesilaus
351 2658 402 2725 qui
418 2649 713 2725 perniciosissimum
729 2652 794 2708 fore
811 2649 937 2723 videret,
952 2661 982 2710 'si
998 2651 1059 2709 ani·

162 2753 356 2810 madversum
371 2761 455 2810 esset
470 2771 656 2829 quemquam
672 2753 711 2810 ad
735 2755 841 2811 hostes
867 2755 1059 2831 transfugere

162 2862 276 2926 canari,
299 2873 366 2912 cum
389 2865 452 2914 suis
468 2863 505 2914 ea
522 2855 605 2913 venit
626 2865 728 2931 atque,
747 2865 784 2928 ,ut
805 2865 830 2913 si
850 2856 934 2916 bona
957 2858 1060 2917 anima
1080 2868 1112 2921 25

205 3042 218 3076 2
237 3027 411 3092 supplicium,
420 3036 599 3092 poenam—3
618 3029 802 3093 compulisset,
816 3031 997 3092 coegisset-7
1016 3033 1061 3082 na-

161 3109 321 3176 bilissimfis,
334 3111 499 3159 clarissimas.
508 3139 542 3147 -
552 3125 577 3158 11
594 3113 710 3176 negdtffi,
724 3113 812 3160 labare.
821 3139 854 3146 —
864 3126 891 3159 12
905 3114 1059 3178 calamitis,

161 3195 294 3243 clariac—
305 3208 334 3256 14
352 3197 526 3258 premerfitut,
546 3199 701 3261 argimirum·
725 3195 870 3262 divinaret,
884 3203 1060 3263 praesentiret.

161 3291 232 3328 -22
251 3278 363 3346 aditum,
377 3279 467 3329 altum.
