2476 3712
206 222 241 272 10
479 225 778 276 THEMISTOCLES.
814 239 837 275 2.

169 389 193 449 2
248 390 371 453 Primus
380 402 484 453 autern
492 395 607 472 gradus
615 393 675 453 fuit
686 395 898 471 capessendae
909 403 954 453 rei
964 393 1113 470 publicae

207 493 292 554 belle
321 497 514 578 Corcyraee:
551 497 592 556 ad
622 499 706 574 quod
737 497 908 575 gerendum
935 505 1062 574 praetor
1092 507 1111 556 e

165 674 169 682 ι
207 596 324 674 popule
338 598 440 658 factus
455 607 519 659 nen
535 601 634 659 selum
650 609 806 676 praesenti
827 600 919 672 belle,
936 600 993 658 sed
1014 599 1111 657 etiam
1193 653 1196 660 ,

174 703 193 756 2
208 699 328 776 relique
342 711 480 779 tempore
494 703 677 762 ferecierem
691 703 827 763 reddidit
841 679 1006 762 civitatem.
1027 705 1110 760 Nam

209 822 280 862 cum
294 805 426 885 pecunia
437 805 569 884 publica,
583 826 663 883 quae
679 825 717 865 ex
731 806 863 866 metallis
878 807 1008 877 redibat,
1022 805 1111 882 largi·
1154 823 1170 874 5

208 907 295 967 tiene
325 909 560 986 magistratuum
590 919 757 987 quotannis
786 910 932 981 interiret,
964 908 1014 967 ille
1044 927 1112 986 per-

210 1011 310 1071 suasit
324 1012 440 1090 popule
455 1022 489 1071 ut
504 1022 541 1072 ea
556 1013 689 1089 pecimie
711 1012 821 1072 classis
844 1022 968 1072 centum
984 1011 1111 1071 nivium
1217 1061 1218 1064 ,

175 1119 193 1171 3
210 1114 431 1174 aedificaretur.
477 1117 548 1190 Que
563 1115 704 1176 celeriter
724 1116 837 1175 effecta
852 1125 982 1192 primum
998 1116 1113 1193 Corcy-

210 1225 300 1277 raees
324 1219 425 1296 fregit,
451 1219 566 1279 deinde
589 1219 759 1278 maritimes
785 1219 958 1295 praedenes
984 1225 1112 1277 censec-
1205 1239 1207 1244 ·

210 1321 308 1381 tande
331 1340 415 1380 mare
438 1331 538 1380 tutum
563 1321 708 1381 reddidit.
754 1324 792 1379 In
816 1329 878 1398 que
901 1340 971 1379 cum
994 1319 1112 1380 divitiis
1137 1341 1171 1376 ro

211 1424 340 1497 amavit,
364 1434 429 1483 tum
452 1425 543 1484 etiam
566 1425 770 1502 peritissimes
795 1424 871 1485 belli
892 1423 1011 1484 navalis
1035 1423 1113 1482 iecit

177 1528 429 1587 4Athenienses.
475 1529 514 1587 id
543 1537 677 1604 quantae
707 1529 799 1587 saluti
826 1527 919 1595 fuerit
948 1525 1112 1585 universae

212 1630 371 1704 Graeciae,
394 1631 477 1690 belle
500 1631 658 1708 cegnitum
680 1641 728 1690 est
755 1630 888 1690 Persice.
933 1632 1014 1688 Nam
1040 1648 1113 1687 curn
1176 1661 1179 1670 ι

212 1735 330 1793 Xerxes
352 1743 384 1793 et
406 1743 482 1792 mari
504 1744 536 1793 et
557 1744 639 1820 terra¹
660 1735 776 1794 bellum
798 1733 960 1794 imiversae
984 1734 1113 1792 inferret

213 1838 355 1914 Eurepae
371 1856 440 1895 curn
455 1846 550 1897 tantis
568 1837 665 1914 cepiis
681 1846 814 1915 quantes
837 1856 938 1915 neque
960 1846 1032 1896 ante
1052 1855 1113 1894 nec
1136 1858 1170 1908 15

178 1952 195 2002 5
213 1949 323 2018 postea
343 1940 451 1999 habuit
473 1939 655 2018 quisquam:
679 1941 769 2000 hirius
792 1940 873 1999 enirn
896 1940 1006 1999 classis
1029 1939 1114 1998 mille

213 2053 244 2102 et
269 2044 471 2102 ducentarum
498 2043 623 2103 navium
653 2044 813 2121 longarum
838 2043 906 2116 iuit,
931 2062 1024 2120 quam
1050 2043 1114 2101 duo
1147 2077 1149 2082 ,

213 2146 298 2204 milia
329 2146 538 2206 onerariarum
569 2147 788 2222 sequebantur,
819 2153 979 2206 terrestres
1010 2154 1114 2204 autem

214 2249 367 2309 exercitiis
396 2251 594 2328 septingenta
626 2250 773 2326 peditum,
804 2249 941 2328 equitum
971 2249 1116 2327 quadrin-
1219 2319 1220 2344 1

180 2361 198 2412 6
213 2364 309 2431 genta
323 2353 407 2412 milia
421 2355 547 2414 fuerunt
560 2377 566 2412 z
578 2389 620 2397 —
631 2353 718 2412 cuius
734 2354 773 2413 de
789 2353 925 2412 adventu
944 2372 1014 2412 curn
1031 2353 1115 2411 iema
1135 2371 1172 2406 20

215 2456 246 2514 in
270 2456 432 2516 Graeciam
455 2467 539 2517 esset
560 2456 679 2532 perlata
702 2467 733 2515 et
754 2457 884 2516 maixime
906 2445 1114 2516 Athenienses
1219 2451 1220 2454 ’

215 2569 280 2637 peti
295 2560 471 2620 dicerentur
485 2568 610 2637 propter
625 2569 760 2637 pugnarn
777 2559 1014 2632 Maratheniam,
1028 2565 1115 2617 mise

215 2672 286 2722 runt
303 2664 443 2741 Delphes
460 2663 637 2722 censultum
653 2662 800 2738 quidnam
815 2663 955 2722 iacerent
970 2663 1008 2722 de
1024 2663 1115 2721 rebus

217 2775 290 2826 suis.
323 2766 576 2825 Deliberantibus
593 2765 703 2844 Pythia
718 2765 879 2842 respondit
901 2775 934 2824 ut
954 2765 1115 2824 moenibus

182 2871 199 2923 7
217 2870 327 2946 ligneis
343 2876 376 2928 se
392 2877 554 2929 mrinirent.
587 2869 625 2926 Id
641 2876 824 2944 respensum
840 2875 902 2944 que
917 2869 1032 2928 valeret
1047 2886 1116 2926 eum
1136 2885 1168 2936 ²5
1194 2897 1197 2902 ·

217 2971 411 3048 intellegeret
426 2978 525 3043 neme,
541 2970 768 3032 Themistocles
784 2969 938 3048 persuesit
953 2971 1116 3031 censilium

262 3139 272 3173 1
291 3125 481 3190 capessendae,
494 3125 674 3185 suscipiendae.
684 3140 742 3190 ——3
759 3123 860 3190 factm,
874 3130 980 3173 creetur.
990 3153 1024 3160 -—
1035 3139 1065 3174 10
1079 3125 1118 3175 ‹li-

217 3206 307 3272 vitiiu,
324 3208 417 3270 opibus.
427 3234 461 3241 —
472 3220 502 3269 19
514 3206 657 3271 exercitiis,
673 3209 764 3268 celiae.
774 3235 808 3243 —
817 3220 831 3254 2
834 3221 848 3272 3
865 3208 1028 3272 celsultum,
1044 3209 1119 3256 inter·

218 3295 344 3354 rogatum.
354 3318 387 3326 -
398 3303 428 3349 24
441 3289 665 3354 deliberantibus,
681 3290 875 3338 cenrulentibus.
