2476 3712
181 227 215 277 60
279 189 282 198 Δ
477 227 694 277 Aousmnus.
730 242 752 292 3,
766 242 789 288 4.

182 394 345 454 fefellisset
360 403 536 470 victumque
557 401 590 453 se
612 395 739 454 vidisset
762 394 900 468 consilia,
926 402 993 454 sero
1016 405 1080 455 suis

181 497 337 574 praesidio
363 497 521 573 proiectus
546 506 603 556 est.
649 499 730 555 Nam
759 516 829 556 curn
858 498 910 557 iila
935 499 1078 572 venisset,

182 601 243 658 iam
263 599 428 678 Agesilaus
451 599 554 658 multis
577 600 653 659 locis
676 610 859 678 expugnatis
882 611 993 679 magna
1015 612 1080 661 erat

148 704 298 782 epraeda
322 712 448 780 potitus.
493 704 577 762 Laco
607 714 710 762 autern
736 723 805 762 curn
831 705 949 764 videret
973 706 1080 764 hostes

182 806 322 884 equitatu
351 814 505 881 superare,
535 825 702 882 numquam
732 807 764 866 in
794 815 903 883 campa
929 816 978 866 sui
1005 808 1080 867 fecit
1118 823 1132 876 5

182 918 368 989 potestatem
398 918 429 968 et
458 908 496 969 iis
523 910 599 969 locis
627 928 751 968 manum
782 910 938 971 conseruit
967 911 1080 988 quibus

182 1015 252 1090 plus
272 1013 432 1091 pedestras
453 1012 562 1090 copiae
577 1013 723 1073 valerent.
749 1019 751 1023 ’
770 1013 891 1090 Pepulit
909 1021 990 1092 erga,
1007 1034 1081 1091 quo

183 1117 397 1194 tienscumque
419 1134 603 1193 congressus
626 1126 681 1190 est,
704 1117 801 1176 multa
823 1117 954 1176 maiores
976 1118 1081 1177 adver-

183 1220 332 1280 sariarum
360 1219 467 1295 copias
496 1229 528 1279 et
558 1229 603 1280 sic
632 1219 663 1278 in
696 1220 771 1280 Asia
800 1227 941 1282 versatus
969 1230 1018 1280 est
1047 1231 1081 1280 ut

183 1323 320 1384 omniurn
336 1322 481 1399 opiniane
498 1331 596 1383 victor
611 1324 780 1382 daceretur.
879 1379 881 1384 ,
1102 1364 1134 1399 10

146 1433 170 1491 4
226 1429 290 1485 Hic
318 1445 387 1485 curn
416 1425 477 1484 iarn
507 1426 610 1486 animo
638 1426 838 1486 meditaretur
866 1427 1020 1503 proficisci
1049 1427 1080 1484 in

184 1534 295 1590 Persas
321 1539 353 1589 et
377 1529 479 1606 ipsum
504 1536 607 1606 regem
633 1530 754 1601 adoriri,
781 1529 908 1589 nuntius
934 1539 963 1589 ei
988 1531 1081 1590 domo

183 1634 268 1693 venit
304 1632 487 1710 ephorarum
525 1641 622 1691 missa
662 1632 778 1692 bellum
808 1633 1015 1692 Athenienses
1050 1620 1084 1693 et

185 1735 330 1797 Boeotias
362 1735 511 1796 indixisse
543 1735 817 1808 Lacedaemoniis3
855 1744 949 1812 quare
977 1745 1080 1796 venire

149 1844 222 1900 ana
238 1839 401 1900 dubitaret.
448 1841 486 1898 In
506 1839 566 1898 hac
587 1846 649 1898 nan
670 1838 772 1898 minus
788 1839 853 1898 eius
869 1839 969 1916 pietas
985 1839 1081 1917 suspi-
1103 1862 1133 1914 15

113 1965 115 1969 ’
183 1943 294 2004 cienda
321 1952 370 2002 est
396 1961 489 2019 quarn
515 1942 611 2002 virtus
634 1941 765 2001 bellica:
799 1952 853 2018 qui
879 1961 947 2001 eum
974 1950 1081 2001 victori

183 2056 342 2125 praeesset
363 2045 511 2106 exercitui
534 2045 758 2122 maximamque
783 2045 910 2104 haberet
936 2045 1081 2106 fiduciam

185 2158 271 2227 regni
293 2152 455 2210 Persarum
474 2149 625 2226 potiundi,
643 2157 730 2207 tanta
752 2148 904 2207 modestia
925 2149 1010 2209 dicta
1032 2168 1082 2208 au·

186 2255 274 2314 diens
302 2253 361 2313 fuit
393 2253 485 2313 iussis
518 2250 692 2323 absentium
721 2251 954 2330 magistratuum
988 2262 1022 2311 ut
1056 2261 1083 2311 si

184 2367 321 2436 privatus
336 2358 367 2416 in
383 2356 509 2417 comitia
523 2364 607 2415 esset
624 2356 760 2431 Spartae.
799 2354 894 2414 Caius
910 2355 1083 2432 exemplum
1103 2376 1135 2412 κο

151 2462 302 2520 3utinam
324 2460 524 2537 imperatares
551 2468 648 2519 nostri
676 2467 765 2533 sequi
789 2457 976 2517 voluissent!
1021 2459 1084 2518 Sed

185 2565 256 2624 illue
292 2564 464 2624 redeamus,
523 2562 686 2639 Agesilaus
720 2560 956 2637 opulentissima
989 2568 1084 2639 regna

184 2666 362 2746 praeposuit
387 2666 502 2726 bonam
528 2663 786 2724 existimationem
814 2665 973 2741 multoque
996 2665 1084 2742 glori-

185 2772 270 2833 asius
291 2770 385 2843 daxit,
408 2778 435 2828 si
457 2769 606 2828 institutis
629 2767 746 2845 patriae
769 2768 931 2844 paruisset,
949 2787 1040 2843 quam
1058 2778 1085 2828 si

227 2965 243 3016 6
266 2979 377 3018 manum
396 2964 541 3029 oanseruit,
560 2964 688 3027 proelium
711 2963 926 3010 commisit-10
949 2961 1084 3027 opiniane,

185 3052 392 3099 sententia-11
413 3048 598 3111 meditaretur,
620 3047 827 3108 cogitaret-12
846 3045 954 3110 adoriri,
975 3045 1085 3108 aggredi.

186 3146 258 3199 -15
285 3131 457 3197 suspicienda
480 3133 533 3195 est,
555 3130 711 3178 admaranda
731 3127 851 3176 esa-18
878 3128 950 3179 dieta
973 3128 1087 3180 audiens

187 3216 252 3282 tuit,
280 3217 461 3279 paruit-21
500 3213 586 3278 sequi,
617 3213 808 3277 inritam-23
842 3210 1086 3278 existimationem,

187 3302 301 3360 famam.
