2564 3716
229 237 261 289 74
539 235 747 283 HANNIBAL.
783 247 821 284 ιο.

180 406 226 466 10
271 405 322 464 Sic
337 410 528 462 censervetis
543 411 607 462 suis
623 402 715 461 rebus
732 403 863 474 Poenus,
880 399 988 461 inlusis
1004 400 1128 459 Creten-

230 507 316 566 sibus
345 505 497 578 omnibus,
522 506 563 564 ad
590 504 728 564 Prusiam
757 504 789 563 in
817 505 949 563 Pontum
977 502 1125 581 pervenit.

230 610 323 687 Apud
346 628 438 685 quem
460 609 571 668 eedem
588 607 691 668 anime
707 606 766 666 fuit
784 615 856 684 erge
873 594 1006 678 ltaliam,
1025 624 1127 682 neque

231 713 314 772 aliud
325 713 491 790 quicquam
503 712 566 790 egit
578 730 670 787 quam
686 717 788 788 regem
804 709 931 769 armavit
946 719 977 768 et
991 709 1128 768 exercuit

197 827 214 878 2
231 816 378 875 adversus
395 817 564 875 Remenes.
609 813 710 888 Quem
729 832 798 872 cum
813 813 931 873 videret
949 811 1127 871 domesticis
1165 826 1179 879 5

230 918 342 995 opibus
368 918 470 976 minus
496 936 566 977 esse
593 918 764 987 robustum,
791 915 979 976 conciliabat
1008 921 1127 975 ceteres

230 1029 327 1100 reges,
349 1021 538 1098 adiungebat
560 1020 727 1080 belliceses
750 1018 901 1079 netienes.
947 1017 1128 1078 Dissidebat

231 1126 271 1184 ab
286 1132 324 1184 ee
340 1126 550 1201 Pergamenus
565 1130 618 1182 rex
635 1124 798 1195 Eumenes,
817 1124 967 1181 Remenis
982 1121 1128 1181 amicissi-

231 1247 308 1300 mus,
322 1226 498 1303 bellumque
514 1226 594 1285 inter
609 1233 664 1285 ees
678 1226 844 1302 gerebetur
855 1234 885 1284 et
897 1233 973 1283 mari
988 1233 1019 1283 et
1034 1233 1127 1296 terre;

197 1336 214 1387 3
232 1337 294 1407 que
315 1329 413 1407 magis
435 1329 580 1406 cupiebat
602 1347 672 1387 eum
696 1327 856 1387 Hannibal
878 1327 1018 1404 opprimi.
1068 1329 1129 1387 Sed
1151 1350 1182 1386 10

232 1434 395 1509 utrobique
417 1433 572 1492 Eumenes
595 1431 663 1509 plus
685 1432 809 1491 valebat
830 1440 955 1507 propter
977 1433 1129 1490 Remene

232 1555 298 1595 rum
319 1535 518 1607 societatem
542 1553 634 1610 quern
657 1543 683 1594 si
705 1533 894 1606 remevisset,
910 1533 1049 1594 faciliera
1069 1533 1129 1593 sibi

197 1646 335 1698 ..cetera
355 1639 422 1698 fore
445 1637 659 1698 arbitrebetur.
707 1638 758 1696 Ad
779 1638 862 1695 hunc
884 1636 1129 1696 interficiendum

198 1743 326 1802 itelem
350 1740 418 1801 iniit
441 1740 600 1800 ratienem.
647 1740 756 1801 Classe
780 1748 888 1816 paucis
911 1740 1020 1799 diebus
1043 1749 1130 1799 erant

233 1845 393 1905 decreturi.
441 1844 651 1921 Superebetur
673 1843 797 1904 nevium
820 1824 1033 1915 multitudine3
1057 1843 1130 1903 dole
1152 1869 1183 1921 15

233 1957 299 2008 erat
322 1947 532 2024 pugnandum,
554 1965 624 2004 cum
649 1954 705 2022 per
728 1953 789 2006 nen
815 1956 898 2005 esset
921 1954 1021 2004 armis.
1073 1948 1131 2003 Im-

233 2049 352 2128 perevit
377 2068 470 2127 quam
495 2049 643 2126 plririmes
668 2056 837 2108 venenetes
863 2055 1022 2125 serpentes
1045 2057 1131 2107 vives

200 2166 216 2216 5
233 2153 347 2230 conligi
365 2161 481 2229 eaisque
499 2156 530 2210 in
549 2159 624 2212 vesa
641 2151 751 2211 fictilia
768 2151 877 2210 conici.
924 2153 1043 2209 Herum
1061 2169 1130 2210 cum

233 2256 390 2316 effecisset
401 2264 544 2334 megnam
557 2253 796 2327 multitudinem,
810 2254 860 2312 die
876 2253 944 2330 ipse
960 2262 1022 2331 que
1036 2254 1132 2313 factri-

234 2379 286 2419 rus
301 2368 367 2419 erat
382 2358 491 2418 nevele
506 2357 666 2435 proelium,
680 2356 855 2416 classieries
867 2366 1018 2416 convocat
1034 2357 1132 2434 iisque
1153 2384 1186 2419 20

234 2461 385 2540 praecipit
400 2469 508 2521 omnes
525 2470 558 2520 ut
577 2460 608 2518 in
628 2471 719 2519 unam
744 2458 891 2519 Eumenis
907 2459 988 2537 regis
1009 2479 1133 2520 concur-

235 2577 304 2626 rant
326 2574 445 2638 nevem,
463 2573 481 2624 e
497 2571 607 2623 ceteris
630 2572 749 2622 tantum
773 2563 848 2624 satis
870 2563 1006 2623 habeant
1028 2571 1061 2623 se
1084 2565 1134 2623 de·

234 2669 371 2729 tendere.
431 2668 469 2726 Id
499 2667 568 2727 illes
597 2666 690 2725 facile
720 2665 909 2743 serpentium
938 2666 1134 2726 multitudine

201 2778 465 2838 scensecirtiues.
513 2772 580 2828 Rex
600 2778 704 2829 autem
726 2767 757 2826 in
780 2777 842 2845 que
864 2777 942 2828 neve
963 2770 1133 2842 veheretur,

236 2885 270 2934 ut
287 2883 410 2946 scirent,
430 2880 464 2932 se
481 2873 653 2946 facturum3
677 2890 767 2947 quem
786 2881 812 2931 si
833 2882 886 2931 aut
904 2872 1062 2949 cepissent
1083 2883 1135 2933 aut
1156 2899 1170 2933 2
1176 2901 1189 2951 5

236 2976 473 3048 interfecissent,
501 2982 614 3052 migne
643 2974 681 3033 iis
710 2974 872 3050 pollicetur
896 2975 1034 3050 praemis)
1058 2976 1134 3036 lore.

117 1693 193 1771 ff

278 3145 293 3192 4
310 3129 439 3194 armivit,
452 3129 488 3176 ad
501 3129 592 3177 bellum
613 3127 782 3176 cxct'tcivit.-—
792 3141 817 3174 11
833 3128 985 3194 utrobique,
998 3131 1135 3194 utrimque.

152 3225 154 3229 ·
235 3228 308 3274 -r4
320 3212 462 3275 ratibnem,
482 3212 701 3271 missilium-17
715 3211 864 3274 serpentes,
882 3217 1060 3274 angitis-22
1077 3215 1138 3264 tan·

235 3298 305 3362 tum,
318 3295 581 3354 tantummode—24
599 3293 750 3357 veheretur,
764 3294 905 3361 navigaret.
