<?xml version="1.0" encoding="UTF-8"?>
<!DOCTYPE html PUBLIC "-//W3C//DTD XHTML 1.0 Transitional//EN"
    "http://www.w3.org/TR/xhtml1/DTD/xhtml1-transitional.dtd">
<html xmlns="http://www.w3.org/1999/xhtml" xml:lang="en" lang="en">
 <head>
  <title>
</title>
<meta http-equiv="Content-Type" content="text/html;charset=utf-8" />
  <meta name='ocr-system' content='tesseract 3.04.00' />
  <meta name='ocr-capabilities' content='ocr_page ocr_carea ocr_par ocr_line ocrx_word'/>
</head>
<body>
  <div class='ocr_page' id='page_1' title='image "./selectedlivesfr01nepogoog_0106.png"; bbox 0 0 2564 3716; ppageno 0'>
   <div class='ocr_carea' id='block_1_1' title="bbox 458 207 1073 275">
    <p class='ocr_par' dir='ltr' id='par_1_1' title="bbox 458 207 1073 275">
     <span class='ocr_line' id='line_1_1' title="bbox 458 207 1073 275; baseline 0.008 -18"><span class='ocrx_word' id='word_1_1' title='bbox 458 210 665 258; x_wconf 81' lang='lat' dir='ltr'><strong>HANNIBAL</strong></span> <span class='ocrx_word' id='word_1_2' title='bbox 703 224 740 268; x_wconf 82' lang='lat'>12,</span> <span class='ocrx_word' id='word_1_3' title='bbox 756 223 793 275; x_wconf 89' lang='lat'>13.</span> <span class='ocrx_word' id='word_1_4' title='bbox 1042 207 1073 262; x_wconf 81' lang='lat'>7⁷</span> 
     </span>
    </p>
   </div>
   <div class='ocr_carea' id='block_1_2' title="bbox 125 376 1182 3356">
    <p class='ocr_par' dir='ltr' id='par_1_2' title="bbox 139 376 1182 971">
     <span class='ocr_line' id='line_1_2' title="bbox 139 376 1073 453; baseline -0.001 -17"><span class='ocrx_word' id='word_1_5' title='bbox 139 387 156 436; x_wconf 83' lang='lat'><strong>5</strong></span> <span class='ocrx_word' id='word_1_6' title='bbox 174 377 375 437; x_wconf 76' lang='lat' dir='ltr'>obsideretur.</span> <span class='ocrx_word' id='word_1_7' title='bbox 422 379 501 435; x_wconf 91' lang='lat' dir='ltr'>Puer</span> <span class='ocrx_word' id='word_1_8' title='bbox 516 394 585 435; x_wconf 92' lang='lat' dir='ltr'>cum</span> <span class='ocrx_word' id='word_1_9' title='bbox 601 376 741 436; x_wconf 86' lang='lat' dir='ltr'><strong>celeriter</strong></span> <span class='ocrx_word' id='word_1_10' title='bbox 764 376 839 453; x_wconf 92' lang='lat' dir='ltr'>quid</span> <span class='ocrx_word' id='word_1_11' title='bbox 860 386 944 436; x_wconf 90' lang='lat' dir='ltr'>esset</span> <span class='ocrx_word' id='word_1_12' title='bbox 965 386 1073 436; x_wconf 78' lang='lat' dir='ltr'>renun-</span> 
     </span>
     <span class='ocr_line' id='line_1_3' title="bbox 174 469 1182 556; baseline 0.003 -17"><span class='ocrx_word' id='word_1_13' title='bbox 174 481 285 539; x_wconf 81' lang='lat' dir='ltr'>tiasset</span> <span class='ocrx_word' id='word_1_14' title='bbox 297 486 466 556; x_wconf 78' lang='lat' dir='ltr'>omnesque</span> <span class='ocrx_word' id='word_1_15' title='bbox 478 479 577 538; x_wconf 81' lang='lat' dir='ltr'>exitus</span> <span class='ocrx_word' id='word_1_16' title='bbox 589 487 757 555; x_wconf 77' lang='lat' dir='ltr'>occupatos</span> <span class='ocrx_word' id='word_1_17' title='bbox 767 479 965 554; x_wconf 90' lang='lat' dir='ltr'><strong>ostendisset,</strong></span> <span class='ocrx_word' id='word_1_18' title='bbox 977 482 1073 542; x_wconf 73' lang='lat' dir='ltr'>sensit</span> <span class='ocrx_word' id='word_1_19' title='bbox 1179 469 1182 474; x_wconf 19' lang='grc' dir='ltr'><strong>Δ</strong></span> 
     </span>
     <span class='ocr_line' id='line_1_4' title="bbox 175 583 1073 659; baseline 0.006 -19"><span class='ocrx_word' id='word_1_20' title='bbox 175 583 207 642; x_wconf 90' lang='lat' dir='ltr'>id</span> <span class='ocrx_word' id='word_1_21' title='bbox 223 591 285 642; x_wconf 82' lang='lat' dir='ltr'>non</span> <span class='ocrx_word' id='word_1_22' title='bbox 300 583 427 642; x_wconf 78' lang='lat' dir='ltr'>fortuito</span> <span class='ocrx_word' id='word_1_23' title='bbox 438 584 563 655; x_wconf 79' lang='lat' dir='ltr'>factum,</span> <span class='ocrx_word' id='word_1_24' title='bbox 577 583 633 641; x_wconf 92' lang='lat' dir='ltr'>sed</span> <span class='ocrx_word' id='word_1_25' title='bbox 646 590 679 641; x_wconf 80' lang='lat' dir='ltr'>se</span> <span class='ocrx_word' id='word_1_26' title='bbox 694 591 758 658; x_wconf 83' lang='lat' dir='ltr'>peti</span> <span class='ocrx_word' id='word_1_27' title='bbox 774 601 874 659; x_wconf 91' lang='lat' dir='ltr'>neque</span> <span class='ocrx_word' id='word_1_28' title='bbox 887 583 947 643; x_wconf 91' lang='lat' dir='ltr'>sibi</span> <span class='ocrx_word' id='word_1_29' title='bbox 959 585 1073 645; x_wconf 82' lang='lat' dir='ltr'>diutius</span> 
     </span>
     <span class='ocr_line' id='line_1_5' title="bbox 175 675 1126 759; baseline 0.003 -14"><span class='ocrx_word' id='word_1_30' title='bbox 175 695 270 745; x_wconf 90' lang='lat' dir='ltr'>vitam</span> <span class='ocrx_word' id='word_1_31' title='bbox 293 705 362 743; x_wconf 90' lang='lat' dir='ltr'>esse</span> <span class='ocrx_word' id='word_1_32' title='bbox 385 686 588 745; x_wconf 86' lang='lat' dir='ltr'>retinendam.</span> <span class='ocrx_word' id='word_1_33' title='bbox 637 685 738 759; x_wconf 89' lang='lat' dir='ltr'>Quam</span> <span class='ocrx_word' id='word_1_34' title='bbox 761 693 800 744; x_wconf 76' lang='lat' dir='ltr'>ne</span> <span class='ocrx_word' id='word_1_35' title='bbox 823 688 924 747; x_wconf 80' lang='lat' dir='ltr'>alieno</span> <span class='ocrx_word' id='word_1_36' title='bbox 947 689 1073 748; x_wconf 81' lang='lat' dir='ltr'>arbitrio</span> <span class='ocrx_word' id='word_1_37' title='bbox 1096 676 1098 682; x_wconf 40' lang='lat'><strong>¹</strong></span> <span class='ocrx_word' id='word_1_38' title='bbox 1124 675 1126 678; x_wconf 37' lang='grc'>’</span> 
     </span>
     <span class='ocr_line' id='line_1_6' title="bbox 176 787 1123 875; baseline 0.003 -28"><span class='ocrx_word' id='word_1_39' title='bbox 176 787 352 860; x_wconf 87' lang='lat' dir='ltr'>dimitteret,</span> <span class='ocrx_word' id='word_1_40' title='bbox 379 808 495 846; x_wconf 89' lang='lat' dir='ltr'>memor</span> <span class='ocrx_word' id='word_1_41' title='bbox 520 789 718 864; x_wconf 77' lang='lat' dir='ltr'>pristinarum</span> <span class='ocrx_word' id='word_1_42' title='bbox 742 789 886 849; x_wconf 82' lang='lat' dir='ltr'>virtutum</span> <span class='ocrx_word' id='word_1_43' title='bbox 910 799 1080 875; x_wconf 74' lang='lat' dir='ltr'>venenum,¹</span> <span class='ocrx_word' id='word_1_44' title='bbox 1110 809 1123 862; x_wconf 84' lang='lat'><strong>5</strong></span> 
     </span>
     <span class='ocr_line' id='line_1_7' title="bbox 177 892 1082 971; baseline 0.006 -22"><span class='ocrx_word' id='word_1_45' title='bbox 177 892 260 968; x_wconf 94' lang='lat' dir='ltr'>quod</span> <span class='ocrx_word' id='word_1_46' title='bbox 276 910 396 967; x_wconf 84' lang='lat' dir='ltr'>semper</span> <span class='ocrx_word' id='word_1_47' title='bbox 412 899 517 950; x_wconf 79' lang='lat' dir='ltr'>seeum</span> <span class='ocrx_word' id='word_1_48' title='bbox 532 892 646 951; x_wconf 74' lang='lat' dir='ltr'>habere</span> <span class='ocrx_word' id='word_1_49' title='bbox 663 901 834 966; x_wconf 79' lang='lat' dir='ltr'>consuerat,</span> <span class='ocrx_word' id='word_1_50' title='bbox 853 894 991 971; x_wconf 84' lang='lat' dir='ltr'>sumpsit.</span> <span class='ocrx_word' id='word_1_51' title='bbox 1080 896 1082 902; x_wconf 82' lang='grc'><strong>’</strong></span> 
     </span>
    </p>

    <p class='ocr_par' dir='ltr' id='par_1_3' title="bbox 126 993 1125 1694">
     <span class='ocr_line' id='line_1_8' title="bbox 126 993 1074 1074; baseline 0.003 -21"><span class='ocrx_word' id='word_1_52' title='bbox 126 993 174 1053; x_wconf 85' lang='grc'>13</span> <span class='ocrx_word' id='word_1_53' title='bbox 220 996 270 1053; x_wconf 88' lang='lat' dir='ltr'>Sic</span> <span class='ocrx_word' id='word_1_54' title='bbox 293 994 338 1052; x_wconf 92' lang='lat' dir='ltr'>vir</span> <span class='ocrx_word' id='word_1_55' title='bbox 363 994 691 1067; x_wconf 83' lang='lat' dir='ltr'>fortissimus‚·multis</span> <span class='ocrx_word' id='word_1_56' title='bbox 715 997 868 1073; x_wconf 85' lang='lat' dir='ltr'>variisque</span> <span class='ocrx_word' id='word_1_57' title='bbox 894 999 1074 1074; x_wconf 80' lang='lat' dir='ltr'>perfunctus</span> 
     </span>
     <span class='ocr_line' id='line_1_9' title="bbox 177 1097 1074 1178; baseline 0.006 -23"><span class='ocrx_word' id='word_1_58' title='bbox 177 1097 343 1169; x_wconf 75' lang='lat' dir='ltr'>laboribus</span> <span class='ocrx_word' id='word_1_59' title='bbox 372 1105 454 1157; x_wconf 82' lang='lat' dir='ltr'>anno</span> <span class='ocrx_word' id='word_1_60' title='bbox 482 1099 638 1173; x_wconf 76' lang='lat' dir='ltr'>adquievit</span> <span class='ocrx_word' id='word_1_61' title='bbox 666 1101 902 1178; x_wconf 77' lang='lat' dir='ltr'>septuagesimo.</span> <span class='ocrx_word' id='word_1_62' title='bbox 953 1101 1074 1175; x_wconf 86' lang='lat' dir='ltr'>Quibus</span> 
     </span>
     <span class='ocr_line' id='line_1_10' title="bbox 177 1180 1074 1280; baseline 0.001 -20"><span class='ocrx_word' id='word_1_63' title='bbox 177 1200 357 1260; x_wconf 80' lang='lat' dir='ltr'>consulibus</span> <span class='ocrx_word' id='word_1_64' title='bbox 381 1201 538 1274; x_wconf 87' lang='lat' dir='ltr'>interierit,</span> <span class='ocrx_word' id='word_1_65' title='bbox 557 1180 618 1262; x_wconf 83' lang='lat' dir='ltr'>non</span> <span class='ocrx_word' id='word_1_66' title='bbox 640 1204 792 1262; x_wconf 89' lang='lat' dir='ltr'>convenit.</span> <span class='ocrx_word' id='word_1_67' title='bbox 838 1207 981 1280; x_wconf 85' lang='lat' dir='ltr'>Namque</span> <span class='ocrx_word' id='word_1_68' title='bbox 997 1205 1074 1263; x_wconf 90' lang='lat' dir='ltr'>Atti·</span> 
     </span>
     <span class='ocr_line' id='line_1_11' title="bbox 177 1303 1125 1380; baseline 0.005 -16"><span class='ocrx_word' id='word_1_69' title='bbox 177 1324 232 1364; x_wconf 90' lang='lat' dir='ltr'>cus</span> <span class='ocrx_word' id='word_1_70' title='bbox 255 1305 299 1364; x_wconf 89' lang='lat' dir='ltr'>M.</span> <span class='ocrx_word' id='word_1_71' title='bbox 324 1303 455 1364; x_wconf 82' lang='lat' dir='ltr'>Claudio</span> <span class='ocrx_word' id='word_1_72' title='bbox 479 1306 628 1366; x_wconf 83' lang='lat' dir='ltr'>Marcello</span> <span class='ocrx_word' id='word_1_73' title='bbox 652 1307 689 1380; x_wconf 90' lang='lat' dir='ltr'>Q.</span> <span class='ocrx_word' id='word_1_74' title='bbox 716 1307 813 1366; x_wconf 84' lang='lat' dir='ltr'>Fabio</span> <span class='ocrx_word' id='word_1_75' title='bbox 836 1308 982 1367; x_wconf 80' lang='lat' dir='ltr'>Labeone</span> <span class='ocrx_word' id='word_1_76' title='bbox 1005 1316 1075 1367; x_wconf 81' lang='lat' dir='ltr'>con·</span> <span class='ocrx_word' id='word_1_77' title='bbox 1095 1334 1125 1369; x_wconf 90' lang='lat' dir='ltr'>ro</span> 
     </span>
     <span class='ocr_line' id='line_1_12' title="bbox 178 1408 1076 1487; baseline 0.002 -19"><span class='ocrx_word' id='word_1_78' title='bbox 178 1408 296 1468; x_wconf 93' lang='lat' dir='ltr'>sulibus</span> <span class='ocrx_word' id='word_1_79' title='bbox 314 1419 467 1467; x_wconf 92' lang='lat' dir='ltr'>mortuum</span> <span class='ocrx_word' id='word_1_80' title='bbox 486 1409 518 1467; x_wconf 90' lang='lat' dir='ltr'>in</span> <span class='ocrx_word' id='word_1_81' title='bbox 537 1410 641 1468; x_wconf 78' lang='lat' dir='ltr'>annali</span> <span class='ocrx_word' id='word_1_82' title='bbox 657 1418 713 1470; x_wconf 81' lang='lat' dir='ltr'>suo</span> <span class='ocrx_word' id='word_1_83' title='bbox 729 1419 875 1486; x_wconf 88' lang='lat' dir='ltr'>seriptum</span> <span class='ocrx_word' id='word_1_84' title='bbox 894 1411 1025 1487; x_wconf 84' lang='lat' dir='ltr'>reliqui-t,</span> <span class='ocrx_word' id='word_1_85' title='bbox 1043 1419 1076 1470; x_wconf 90' lang='lat' dir='ltr'>at</span> 
     </span>
     <span class='ocr_line' id='line_1_13' title="bbox 179 1512 1073 1594; baseline 0.001 -22"><span class='ocrx_word' id='word_1_86' title='bbox 179 1514 325 1594; x_wconf 87' lang='lat' dir='ltr'>Polybius</span> <span class='ocrx_word' id='word_1_87' title='bbox 348 1516 382 1572; x_wconf 96' lang='lat' dir='ltr'>L.</span> <span class='ocrx_word' id='word_1_88' title='bbox 403 1512 536 1572; x_wconf 80' lang='lat' dir='ltr'>Aemilio</span> <span class='ocrx_word' id='word_1_89' title='bbox 560 1514 656 1571; x_wconf 80' lang='lat' dir='ltr'>Paulo</span> <span class='ocrx_word' id='word_1_90' title='bbox 680 1515 736 1572; x_wconf 90' lang='lat' dir='ltr'>Cn.</span> <span class='ocrx_word' id='word_1_91' title='bbox 762 1513 878 1572; x_wconf 82' lang='lat' dir='ltr'>Baebio</span> <span class='ocrx_word' id='word_1_92' title='bbox 901 1513 1073 1590; x_wconf 79' lang='lat' dir='ltr'>Tamphilo,</span> 
     </span>
     <span class='ocr_line' id='line_1_14' title="bbox 180 1615 1073 1694; baseline 0.001 -19"><span class='ocrx_word' id='word_1_93' title='bbox 180 1617 333 1693; x_wconf 87' lang='lat' dir='ltr'>Sulpicius</span> <span class='ocrx_word' id='word_1_94' title='bbox 363 1626 466 1675; x_wconf 89' lang='lat' dir='ltr'>autem</span> <span class='ocrx_word' id='word_1_95' title='bbox 498 1615 599 1676; x_wconf 83' lang='lat' dir='ltr'>Blitho</span> <span class='ocrx_word' id='word_1_96' title='bbox 630 1618 662 1673; x_wconf 94' lang='lat' dir='ltr'>P.</span> <span class='ocrx_word' id='word_1_97' title='bbox 691 1616 836 1675; x_wconf 73' lang='lat' dir='ltr'>Cornelio</span> <span class='ocrx_word' id='word_1_98' title='bbox 863 1617 1003 1694; x_wconf 74' lang='lat' dir='ltr'>Cethego</span> <span class='ocrx_word' id='word_1_99' title='bbox 1030 1618 1073 1676; x_wconf 92' lang='lat' dir='ltr'>M.</span> 
     </span>
    </p>

    <p class='ocr_par' dir='ltr' id='par_1_4' title="bbox 143 1718 1125 2100">
     <span class='ocr_line' id='line_1_15' title="bbox 143 1718 1075 1796; baseline 0.001 -18"><span class='ocrx_word' id='word_1_100' title='bbox 143 1722 161 1772; x_wconf 83' lang='lat'>2</span> <span class='ocrx_word' id='word_1_101' title='bbox 180 1719 296 1779; x_wconf 79' lang='lat' dir='ltr'>Baebio</span> <span class='ocrx_word' id='word_1_102' title='bbox 314 1719 487 1795; x_wconf 81' lang='lat' dir='ltr'>Tamphilo.</span> <span class='ocrx_word' id='word_1_103' title='bbox 534 1721 636 1794; x_wconf 89' lang='lat' dir='ltr'>Atque</span> <span class='ocrx_word' id='word_1_104' title='bbox 658 1718 707 1776; x_wconf 85' lang='lat' dir='ltr'>hie</span> <span class='ocrx_word' id='word_1_105' title='bbox 728 1727 833 1777; x_wconf 91' lang='lat' dir='ltr'>tantus</span> <span class='ocrx_word' id='word_1_106' title='bbox 853 1718 898 1776; x_wconf 92' lang='lat' dir='ltr'>vir</span> <span class='ocrx_word' id='word_1_107' title='bbox 918 1729 1075 1796; x_wconf 85' lang='lat' dir='ltr'>tantisque</span> 
     </span>
     <span class='ocr_line' id='line_1_16' title="bbox 178 1809 1125 1900; baseline 0.001 -18"><span class='ocrx_word' id='word_1_108' title='bbox 178 1823 267 1882; x_wconf 87' lang='lat' dir='ltr'>bellis</span> <span class='ocrx_word' id='word_1_109' title='bbox 294 1809 451 1882; x_wconf 88' lang='lat' dir='ltr'>districtus</span> <span class='ocrx_word' id='word_1_110' title='bbox 478 1821 618 1880; x_wconf 84' lang='lat' dir='ltr'>nonnihil</span> <span class='ocrx_word' id='word_1_111' title='bbox 644 1821 791 1898; x_wconf 89' lang='lat' dir='ltr'>temporis</span> <span class='ocrx_word' id='word_1_112' title='bbox 820 1821 927 1880; x_wconf 87' lang='lat' dir='ltr'>tribuit</span> <span class='ocrx_word' id='word_1_113' title='bbox 956 1823 1073 1883; x_wconf 87' lang='lat' dir='ltr'>litteris.</span> <span class='ocrx_word' id='word_1_114' title='bbox 1096 1847 1125 1900; x_wconf 85' lang='lat'>15</span> 
     </span>
     <span class='ocr_line' id='line_1_17' title="bbox 179 1924 1075 2002; baseline -0.001 -17"><span class='ocrx_word' id='word_1_115' title='bbox 179 1928 321 2002; x_wconf 85' lang='lat' dir='ltr'>Namque</span> <span class='ocrx_word' id='word_1_116' title='bbox 351 1925 469 2001; x_wconf 91' lang='lat' dir='ltr'>aliquot</span> <span class='ocrx_word' id='word_1_117' title='bbox 495 1924 561 1983; x_wconf 74' lang='lat' dir='ltr'>eius</span> <span class='ocrx_word' id='word_1_118' title='bbox 588 1925 656 1982; x_wconf 85' lang='lat' dir='ltr'>libri</span> <span class='ocrx_word' id='word_1_119' title='bbox 682 1933 762 1997; x_wconf 90' lang='lat' dir='ltr'>sunt,</span> <span class='ocrx_word' id='word_1_120' title='bbox 790 1925 911 1985; x_wconf 81' lang='lat' dir='ltr'>Graeco</span> <span class='ocrx_word' id='word_1_121' title='bbox 935 1934 1075 1985; x_wconf 86' lang='lat' dir='ltr'>sermone</span> 
     </span>
     <span class='ocr_line' id='line_1_18' title="bbox 178 2015 1076 2100; baseline 0 -12"><span class='ocrx_word' id='word_1_122' title='bbox 178 2029 321 2100; x_wconf 80' lang='lat' dir='ltr'>confecti,</span> <span class='ocrx_word' id='word_1_123' title='bbox 339 2015 370 2085; x_wconf 92' lang='lat' dir='ltr'>in</span> <span class='ocrx_word' id='word_1_124' title='bbox 391 2028 428 2087; x_wconf 83' lang='lat' dir='ltr'>iis</span> <span class='ocrx_word' id='word_1_125' title='bbox 449 2028 489 2086; x_wconf 96' lang='lat' dir='ltr'>ad</span> <span class='ocrx_word' id='word_1_126' title='bbox 510 2027 651 2086; x_wconf 81' lang='lat' dir='ltr'>Rhodios</span> <span class='ocrx_word' id='word_1_127' title='bbox 676 2027 714 2086; x_wconf 75' lang='lat' dir='ltr'>de</span> <span class='ocrx_word' id='word_1_128' title='bbox 738 2029 794 2086; x_wconf 89' lang='lat' dir='ltr'>Cn.</span> <span class='ocrx_word' id='word_1_129' title='bbox 812 2027 912 2085; x_wconf 87' lang='lat' dir='ltr'>Manli</span> <span class='ocrx_word' id='word_1_130' title='bbox 927 2029 1076 2088; x_wconf 82' lang='lat' dir='ltr'>Vulsonis</span> 
     </span>
    </p>

    <p class='ocr_par' dir='ltr' id='par_1_5' title="bbox 143 2128 1127 2630">
     <span class='ocr_line' id='line_1_19' title="bbox 143 2128 1076 2208; baseline 0.003 -20"><span class='ocrx_word' id='word_1_131' title='bbox 143 2143 161 2195; x_wconf 85' lang='grc'><strong>3</strong></span> <span class='ocrx_word' id='word_1_132' title='bbox 179 2131 208 2189; x_wconf 89' lang='lat' dir='ltr'>in</span> <span class='ocrx_word' id='word_1_133' title='bbox 227 2131 303 2190; x_wconf 78' lang='lat' dir='ltr'>Asia</span> <span class='ocrx_word' id='word_1_134' title='bbox 323 2128 414 2190; x_wconf 75' lang='lat' dir='ltr'>rebus</span> <span class='ocrx_word' id='word_1_135' title='bbox 434 2140 540 2208; x_wconf 79' lang='lat' dir='ltr'>gestis,</span> <span class='ocrx_word' id='word_1_136' title='bbox 587 2130 690 2188; x_wconf 77' lang='lat' dir='ltr'>Huius</span> <span class='ocrx_word' id='word_1_137' title='bbox 710 2130 783 2188; x_wconf 86' lang='lat' dir='ltr'>belli</span> <span class='ocrx_word' id='word_1_138' title='bbox 803 2140 890 2207; x_wconf 87' lang='lat' dir='ltr'>gesta</span> <span class='ocrx_word' id='word_1_139' title='bbox 911 2132 999 2190; x_wconf 90' lang='lat' dir='ltr'>multi</span> <span class='ocrx_word' id='word_1_140' title='bbox 1017 2151 1076 2191; x_wconf 90' lang='lat' dir='ltr'>me-</span> 
     </span>
     <span class='ocr_line' id='line_1_20' title="bbox 177 2217 1075 2319; baseline -0.001 -26"><span class='ocrx_word' id='word_1_141' title='bbox 177 2234 518 2319; x_wconf 14' lang='lat' dir='ltr'>moriae—prodiderunt,</span> <span class='ocrx_word' id='word_1_142' title='bbox 536 2234 592 2292; x_wconf 85' lang='lat' dir='ltr'>sed</span> <span class='ocrx_word' id='word_1_143' title='bbox 612 2252 650 2290; x_wconf 88' lang='lat' dir='ltr'>ex</span> <span class='ocrx_word' id='word_1_144' title='bbox 667 2234 715 2291; x_wconf 87' lang='lat' dir='ltr'>his</span> <span class='ocrx_word' id='word_1_145' title='bbox 737 2217 807 2305; x_wconf 91' lang='lat' dir='ltr'>du0‚</span> <span class='ocrx_word' id='word_1_146' title='bbox 824 2243 876 2309; x_wconf 88' lang='lat' dir='ltr'>qui</span> <span class='ocrx_word' id='word_1_147' title='bbox 896 2253 966 2292; x_wconf 90' lang='lat' dir='ltr'>cum</span> <span class='ocrx_word' id='word_1_148' title='bbox 986 2243 1024 2294; x_wconf 82' lang='lat' dir='ltr'>eo</span> <span class='ocrx_word' id='word_1_149' title='bbox 1044 2235 1075 2293; x_wconf 91' lang='lat' dir='ltr'>in</span> 
     </span>
     <span class='ocr_line' id='line_1_21' title="bbox 178 2336 1127 2413; baseline 0.001 -17"><span class='ocrx_word' id='word_1_150' title='bbox 178 2347 287 2397; x_wconf 86' lang='lat' dir='ltr'>eastris</span> <span class='ocrx_word' id='word_1_151' title='bbox 307 2339 431 2396; x_wconf 76' lang='lat' dir='ltr'>fuerunt</span> <span class='ocrx_word' id='word_1_152' title='bbox 449 2336 600 2413; x_wconf 92' lang='lat' dir='ltr'>simulque</span> <span class='ocrx_word' id='word_1_153' title='bbox 621 2343 760 2395; x_wconf 73' lang='lat' dir='ltr'>vixerunt</span> <span class='ocrx_word' id='word_1_154' title='bbox 782 2338 928 2412; x_wconf 82' lang='lat' dir='ltr'>quamdiu</span> <span class='ocrx_word' id='word_1_155' title='bbox 953 2339 1076 2397; x_wconf 79' lang='lat' dir='ltr'>fortuna</span> <span class='ocrx_word' id='word_1_156' title='bbox 1095 2362 1127 2397; x_wconf 92' lang='lat'>20</span> 
     </span>
     <span class='ocr_line' id='line_1_22' title="bbox 178 2439 1075 2517; baseline 0.001 -18"><span class='ocrx_word' id='word_1_157' title='bbox 178 2459 272 2517; x_wconf 89' lang='lat' dir='ltr'>passa</span> <span class='ocrx_word' id='word_1_158' title='bbox 293 2449 349 2512; x_wconf 87' lang='lat' dir='ltr'>est,</span> <span class='ocrx_word' id='word_1_159' title='bbox 368 2441 489 2498; x_wconf 75' lang='lat' dir='ltr'>Silenus</span> <span class='ocrx_word' id='word_1_160' title='bbox 512 2449 543 2498; x_wconf 92' lang='lat' dir='ltr'>et</span> <span class='ocrx_word' id='word_1_161' title='bbox 567 2439 685 2498; x_wconf 83' lang='lat' dir='ltr'>Sosilus</span> <span class='ocrx_word' id='word_1_162' title='bbox 704 2439 979 2499; x_wconf 90' lang='lat' dir='ltr'>Lacedaemonius.</span> <span class='ocrx_word' id='word_1_163' title='bbox 1024 2444 1075 2500; x_wconf 89' lang='lat' dir='ltr'>At·</span> 
     </span>
     <span class='ocr_line' id='line_1_23' title="bbox 179 2541 1076 2630; baseline 0.002 -29"><span class='ocrx_word' id='word_1_164' title='bbox 179 2561 238 2620; x_wconf 89' lang='lat' dir='ltr'>que</span> <span class='ocrx_word' id='word_1_165' title='bbox 246 2544 314 2630; x_wconf 61' lang='lat' dir='ltr'>¹hoc</span> <span class='ocrx_word' id='word_1_166' title='bbox 330 2543 430 2602; x_wconf 75' lang='lat' dir='ltr'>Sosilr&#39;)</span> <span class='ocrx_word' id='word_1_167' title='bbox 444 2542 605 2601; x_wconf 87' lang='lat' dir='ltr'>Hannibal</span> <span class='ocrx_word' id='word_1_168' title='bbox 621 2541 788 2601; x_wconf 78' lang='lat' dir='ltr'>litterarum</span> <span class='ocrx_word' id='word_1_169' title='bbox 801 2543 987 2602; x_wconf 79' lang='lat' dir='ltr'>Graecarum</span> <span class='ocrx_word' id='word_1_170' title='bbox 1003 2554 1076 2603; x_wconf 80' lang='lat' dir='ltr'>usus</span> 
     </span>
    </p>

    <p class='ocr_par' dir='ltr' id='par_1_6' title="bbox 153 2647 376 2726">
     <span class='ocr_line' id='line_1_24' title="bbox 153 2647 376 2726; baseline 0 -20"><span class='ocrx_word' id='word_1_171' title='bbox 153 2711 157 2726; x_wconf 36' lang='lat'><strong><em>¹</em></strong></span> <span class='ocrx_word' id='word_1_172' title='bbox 178 2657 226 2706; x_wconf 90' lang='lat' dir='ltr'>est</span> <span class='ocrx_word' id='word_1_173' title='bbox 241 2647 376 2706; x_wconf 84' lang='lat' dir='ltr'>doctore.</span> 
     </span>
    </p>

    <p class='ocr_par' dir='ltr' id='par_1_7' title="bbox 142 2747 1076 2834">
     <span class='ocr_line' id='line_1_25' title="bbox 142 2747 1076 2834; baseline 0 -26"><span class='ocrx_word' id='word_1_174' title='bbox 142 2759 161 2808; x_wconf 87' lang='lat'>4</span> <span class='ocrx_word' id='word_1_175' title='bbox 180 2761 186 2769; x_wconf 79' lang='lat'>‘</span> <span class='ocrx_word' id='word_1_176' title='bbox 214 2747 285 2808; x_wconf 69' lang='lat' dir='ltr'>&#39;Sed</span> <span class='ocrx_word' id='word_1_177' title='bbox 308 2757 365 2809; x_wconf 79' lang='lat' dir='ltr'>nos</span> <span class='ocrx_word' id='word_1_178' title='bbox 387 2759 509 2825; x_wconf 90' lang='lat' dir='ltr'>tempus</span> <span class='ocrx_word' id='word_1_179' title='bbox 532 2759 580 2808; x_wconf 92' lang='lat' dir='ltr'>est</span> <span class='ocrx_word' id='word_1_180' title='bbox 602 2748 692 2806; x_wconf 79' lang='lat' dir='ltr'>huius</span> <span class='ocrx_word' id='word_1_181' title='bbox 715 2748 909 2834; x_wconf 21' lang='lat' dir='ltr'>librinfacere</span> <span class='ocrx_word' id='word_1_182' title='bbox 930 2750 1027 2808; x_wconf 81' lang='lat' dir='ltr'>finem</span> <span class='ocrx_word' id='word_1_183' title='bbox 1045 2760 1076 2808; x_wconf 92' lang='lat' dir='ltr'>et</span> 
     </span>
    </p>

    <p class='ocr_par' dir='ltr' id='par_1_8' title="bbox 135 2851 1125 3136">
     <span class='ocr_line' id='line_1_26' title="bbox 135 2851 1125 2929; baseline -0.001 -18"><span class='ocrx_word' id='word_1_184' title='bbox 135 2917 138 2922; x_wconf 20' lang='grc' dir='ltr'><strong>Δ</strong></span> <span class='ocrx_word' id='word_1_185' title='bbox 179 2855 390 2912; x_wconf 68' lang='lat' dir='ltr'>Romanorum</span> <span class='ocrx_word' id='word_1_186' title='bbox 403 2852 556 2929; x_wconf 79' lang='lat' dir='ltr'>explicare</span> <span class='ocrx_word' id='word_1_187' title='bbox 569 2851 778 2928; x_wconf 68' lang='lat' dir='ltr'>imperatores</span> <span class='ocrx_word' id='word_1_188' title='bbox 790 2858 851 2927; x_wconf 79' lang='lat' dir='ltr'>quo</span> <span class='ocrx_word' id='word_1_189' title='bbox 862 2851 992 2926; x_wconf 87' lang='lat' dir='ltr'>facilius,</span> <span class='ocrx_word' id='word_1_190' title='bbox 1006 2873 1076 2913; x_wconf 91' lang='lat' dir='ltr'>eon·</span> <span class='ocrx_word' id='word_1_191' title='bbox 1096 2878 1108 2910; x_wconf 93' lang='lat'><em>2</em></span> <span class='ocrx_word' id='word_1_192' title='bbox 1113 2877 1125 2927; x_wconf 82' lang='lat'><strong>5</strong></span> 
     </span>
     <span class='ocr_line' id='line_1_27' title="bbox 179 2953 1077 3044; baseline 0.003 -31"><span class='ocrx_word' id='word_1_193' title='bbox 179 2957 250 3015; x_wconf 76' lang='lat' dir='ltr'>latis</span> <span class='ocrx_word' id='word_1_194' title='bbox 277 2963 474 3031; x_wconf 81' lang='lat' dir='ltr'>utrorumque</span> <span class='ocrx_word' id='word_1_195' title='bbox 501 2955 603 3026; x_wconf 79' lang='lat' dir='ltr'>faetiS,</span> <span class='ocrx_word' id='word_1_196' title='bbox 629 2953 761 3044; x_wconf 51' lang='lat' dir='ltr'>quiviri</span> <span class='ocrx_word' id='word_1_197' title='bbox 790 2955 985 3029; x_wconf 82' lang='lat' dir='ltr'>praeferendi</span> <span class='ocrx_word' id='word_1_198' title='bbox 1014 2956 1077 3016; x_wconf 89' lang='lat' dir='ltr'>sint</span> 
     </span>
     <span class='ocr_line' id='line_1_28' title="bbox 177 3058 430 3136; baseline -0.004 -19"><span class='ocrx_word' id='word_1_199' title='bbox 177 3058 279 3136; x_wconf 90' lang='lat' dir='ltr'>possit</span> <span class='ocrx_word' id='word_1_200' title='bbox 294 3059 430 3118; x_wconf 74' lang='lat' dir='ltr'>iudicari.</span> 
     </span>
    </p>

    <p class='ocr_par' dir='ltr' id='par_1_9' title="bbox 125 3189 1077 3356">
     <span class='ocr_line' id='line_1_29' title="bbox 125 3189 1077 3262; baseline -0.001 -19"><span class='ocrx_word' id='word_1_201' title='bbox 125 3241 127 3248; x_wconf 90' lang='grc'>,</span> <span class='ocrx_word' id='word_1_202' title='bbox 220 3207 235 3257; x_wconf 90' lang='lat'>3</span> <span class='ocrx_word' id='word_1_203' title='bbox 253 3190 378 3256; x_wconf 77' lang='lat' dir='ltr'>fortuito,</span> <span class='ocrx_word' id='word_1_204' title='bbox 400 3195 530 3251; x_wconf 63' lang='grc' dir='ltr'><em>αἰαὶ-7</em></span> <span class='ocrx_word' id='word_1_205' title='bbox 550 3189 645 3255; x_wconf 77' lang='lat' dir='ltr'>variis,</span> <span class='ocrx_word' id='word_1_206' title='bbox 667 3191 848 3257; x_wconf 67' lang='lat' dir='ltr'>divertis—9</span> <span class='ocrx_word' id='word_1_207' title='bbox 865 3192 1002 3262; x_wconf 81' lang='lat' dir='ltr'>convenit,</span> <span class='ocrx_word' id='word_1_208' title='bbox 1024 3199 1077 3246; x_wconf 69' lang='lat' dir='ltr'>crin-</span> 
     </span>
     <span class='ocr_line' id='line_1_30' title="bbox 177 3273 566 3356; baseline -0.015 -28"><span class='ocrx_word' id='word_1_209' title='bbox 177 3283 275 3328; x_wconf 81' lang='lat' dir='ltr'>stat.-</span> <span class='ocrx_word' id='word_1_210' title='bbox 285 3287 313 3338; x_wconf 90' lang='lat'>17</span> <span class='ocrx_word' id='word_1_211' title='bbox 332 3273 459 3356; x_wconf 61' lang='lat' dir='ltr'>eonium,</span> <span class='ocrx_word' id='word_1_212' title='bbox 471 3279 566 3338; x_wconf 66' lang='lat' dir='ltr'>script.</span> 
     </span>
    </p>
   </div>
   <div class='ocr_carea' id='block_1_3' title="bbox 0 0 1298 3716">
    <p class='ocr_par' dir='ltr' id='par_1_10' title="bbox 0 0 1298 3716">
     <span class='ocr_line' id='line_1_31' title="bbox 0 0 1298 3716; baseline 0 0"><span class='ocrx_word' id='word_1_213' title='bbox 0 0 1298 3716; x_wconf 95' lang='lat' dir='ltr'> </span> 
     </span>
    </p>
   </div>
  </div>
 </body>
</html>
