2476 3712
178 234 210 289 58
469 236 688 290 AGESILAUS.
726 250 747 298 r,
761 251 782 290 2.

179 406 340 480 Lysandro
356 407 553 484 suffragante,
568 407 702 479 homine,
716 418 749 467 ut
764 408 956 468 ostendimus
973 416 1073 486 supro,

177 509 311 569 factioso
334 519 364 568 et
387 509 424 568 iis
446 511 636 586 temporibus
658 520 793 588 potente,
811 511 973 588 Agosilous
994 522 1075 570 ante-

178 612 259 671 lotus
274 621 330 671 est.

142 723 165 782 2
222 716 284 774 Hic
294 715 383 774 simul
394 726 486 792 atque
499 715 606 793 imperi
618 726 734 793 potitus
747 727 802 789 est,
817 718 970 794 persuosit
983 720 1075 778 Lace-

177 818 350 878 daemoniis
369 828 402 878 ut
420 820 571 879 exercitiis
591 820 765 879 omitterent
780 821 811 878 in
828 820 935 878 Asiam
951 821 1075 883 bellum·
1095 837 1108 889 5

178 941 237 998 que
249 929 313 999 rogi
323 923 470 996 facerent,
483 924 599 982 docens
612 923 709 982 satius
721 941 790 981 esse
803 923 833 980 in
847 923 923 982 Asio
936 942 1027 999 quam
1044 924 1074 981 in

180 1027 301 1101 Europo
314 1026 461 1085 dimicori
504 1028 646 1101 Namque
661 1028 744 1085 foma
759 1026 874 1084 exierat
886 1028 1075 1085 Artaxerxon

178 1137 356 1205 compartire
378 1129 493 1188 classos
515 1130 736 1205 pedestrosque
759 1128 918 1201 exercitiis,
943 1137 1020 1205 quos
1045 1129 1075 1188 in

100 1255 105 1266 ·
143 1231 340 1293 2Graeciam
359 1232 501 1291 mitteret,
548 1234 630 1291 Dato
645 1241 800 1309 potestote
816 1241 903 1291 tanto
919 1232 1075 1291 celeritote

178 1344 252 1394 osus
272 1345 320 1394 est
342 1345 375 1394 ut
401 1335 486 1412 prius
511 1336 541 1393 in
560 1335 666 1394 Asiam
689 1354 758 1393 curn
782 1335 880 1411 copiis
902 1335 1075 1411 pervonerit
1097 1366 1128 1400 10

179 1457 270 1515 quam
293 1438 369 1515 rogii
390 1448 532 1514 satrapae
553 1457 622 1496 eum
643 1447 757 1496 scirent
778 1438 958 1514 protectum.
1004 1438 1075 1511 Quo

177 1541 294 1600 facturn
324 1550 372 1600 est
401 1551 435 1599 ut
464 1547 572 1600 omnos
605 1541 773 1618 imparotos
806 1540 1075 1616 imprudentosque

100 1681 102 1684 -
144 1644 359 1703 3offenderet.
405 1644 443 1702 Id
463 1653 496 1702 ut
515 1643 661 1720 cognovit
677 1643 912 1719 Tissaphernos
930 1653 981 1719 qui
998 1662 1076 1702 sum·
1168 1636 1173 1646 ’

178 1765 261 1805 mum
277 1746 437 1823 imperium
453 1755 518 1805 tum
534 1747 613 1805 inter
624 1747 799 1823 praefectos
814 1746 950 1804 habebat
965 1745 1073 1822 rogios

178 1848 314 1909 indotios
330 1859 348 1909 o
364 1852 489 1909 Lacone
504 1849 621 1926 petivit,
639 1848 787 1908 simulans
803 1856 836 1907 so
852 1849 925 1907 dare
941 1867 1074 1925 operam,
1097 1881 1127 1931 15

122 2020 124 2024 .
178 1963 212 2012 ut
236 1953 492 2012 Lacedaemoniis
516 1972 585 2011 cum
608 1959 679 2029 roge
704 1961 891 2023 conveniret,
914 1959 947 2010 re
972 1961 1075 2010 autem

82 2099 86 2108 .
178 2063 250 2115 voro
279 2056 319 2115 ad
349 2056 456 2132 copios
486 2056 720 2132 comparandos,
753 2063 868 2130 eosque
901 2054 1076 2131 impetravit

144 2159 355 2218 4trimestros.
410 2159 525 2217 Iorovit
554 2168 656 2216 autem
686 2167 814 2233 uterque
844 2165 877 2216 so
907 2157 973 2216 sine
1003 2157 1075 2216 dolo

178 2262 314 2321 indotios
336 2269 618 2328 conservatorum,
646 2263 683 2319 In
706 2270 767 2336 quo
790 2261 934 2336 pactione
957 2270 1076 2319 summo

177 2363 238 2426 fide
253 2365 367 2424 monsit
377 2365 557 2442 Agosilous3
582 2373 690 2423 contro
705 2382 742 2421 ea
757 2364 984 2439 Tissaphernes
1000 2363 1075 2421 nihil
1096 2395 1128 2430 20

144 2468 261 2527 oaliud
284 2486 375 2544 quam
397 2468 512 2527 bellum
534 2466 731 2544 comparavit.
782 2467 818 2524 Id
841 2475 899 2524 etsi
922 2465 1076 2524 sentiebat

179 2573 271 2644 Laco,
295 2581 398 2630 tamen
425 2571 634 2630 iusiurandum
662 2570 806 2628 servobat
830 2568 1020 2645 multumque
1044 2569 1075 2626 in

178 2683 215 2735 eo
230 2682 264 2734 so
280 2683 429 2750 consequi
449 2674 581 2744 dicebat,
595 2672 683 2749 ‘quod
698 2673 923 2749 Tissaphernos
944 2672 1076 2749 periurio

179 2786 235 2838 suo
250 2788 281 2837 et
296 2778 437 2836 hominos
460 2787 524 2835 suis
546 2778 638 2836 robus
661 2775 850 2834 abalionoret
871 2784 901 2832 et
922 2776 999 2834 deos
1017 2776 1076 2834 sibi

179 2889 273 2942 irotos
288 2881 439 2950 redderet,
456 2888 489 2939 so
511 2889 613 2938 autem
636 2886 819 2938 conservato
839 2877 986 2954 religione
1007 2886 1077 2938 con·
1097 2910 1128 2961 25

177 2986 301 3045 firmore
314 2983 489 3054 exercitum,
503 3002 573 3041 curn
589 2981 847 3040 animadverteret
859 2982 951 3039 deum
964 2992 1077 3040 nomen

177 3089 280 3148 tacere
296 3095 409 3160 socum,
428 3086 630 3161 hominesque
651 3083 709 3143 sibi
730 3083 887 3142 conciliori
906 3085 1075 3158 amiciorem,

220 3220 236 3271 6
261 3201 392 3285 facerent,
417 3220 631 3283 inferrent—13
660 3215 815 3292 offenderet,
836 3216 1079 3276 diprelrenderetu-

179 3318 211 3356 2A
228 3305 407 3368 abalioniret,
420 3303 609 3351 inimt'cissimo's
621 3300 741 3349 redderet.
