2564 3716
458 234 663 282 HANNIBAL.
698 235 722 292 8,
735 250 757 298 9.
1023 235 1054 289 73

154 391 285 460 servulis
311 401 408 477 ipsius
434 401 630 460 interfectum
656 421 725 460 eum
753 412 901 480 seriptum
927 405 1054 481 reliqua-

120 514 234 565 3runt.
280 504 453 572 Antiochus
480 514 590 576 autem,
608 513 634 563 si
661 515 724 564 tam
754 505 943 583 ingerendo
972 507 1054 567 bello

153 607 293 666 consiliis
312 607 378 666 aius
395 614 500 684 parere
519 607 668 667 voluisset
689 627 781 684 quam
800 608 830 666 in
854 609 1053 686 suscipiendo

154 710 338 782 instituerat,
366 709 492 787 propius
518 710 623 769 Tiberi
653 730 745 787 quam
772 712 988 791 Thermopylis
1014 714 1053 772 da

154 821 274 873 summa
290 813 397 890 imperi
416 814 603 872 dimicasset.
649 813 751 887 Quem
769 823 828 874 etsi
846 815 942 875 multa
960 816 1053 875 stulta
1089 831 1102 885 5

119 924 136 972 4
154 919 261 975 canari
279 916 412 988 videbat,
433 927 536 976 tamen
561 917 644 976 nidla
667 917 803 977 deseruit
824 917 855 976 in
878 925 919 978 ra.
965 920 1053 978 Prae

153 1019 212 1078 fuit
235 1027 343 1095 paucis
367 1018 507 1090 navibus
533 1027 609 1095 quas
633 1038 670 1078 ex
696 1020 782 1098 Syria
806 1020 907 1080 iussus
931 1029 997 1080 erat
1020 1021 1051 1079 in

154 1122 262 1180 Asiam
280 1123 400 1193 dicere,
422 1121 521 1199 iisque
540 1123 688 1181 adversus
708 1123 900 1182 Rhodiorum
920 1123 1052 1183 classem

153 1225 186 1282 in
203 1225 384 1303 Pamphylio
399 1233 475 1283 mari
490 1225 636 1284 conflixit.
682 1225 753 1299 Quo
768 1244 838 1285 cum
855 1226 1051 1287 multitadine

154 1327 398 1387 adversariorum
414 1337 462 1386 sui
477 1337 702 1405 superarentur,
716 1329 791 1406 ipse,
805 1337 866 1406 quo
878 1339 973 1389 coma
988 1349 1051 1390 rem
1072 1355 1102 1390 ιο

152 1431 258 1509 gessit,
274 1431 332 1489 fuit
349 1432 495 1507 superior.

117 1545 141 1606 9
196 1533 353 1594 Antiocho
369 1535 484 1611 fugato,
502 1541 612 1594 verens
631 1543 670 1594 na
688 1536 861 1609 dederetur,
882 1537 965 1613 quod
984 1536 1050 1596 sine

154 1637 249 1696 dubio
268 1636 441 1708 accidisset,
459 1646 485 1695 si
504 1647 551 1695 sui
568 1638 696 1697 iecisset
714 1647 909 1715 potestatem,
927 1641 1050 1700 Cretam

154 1741 194 1799 ad
216 1740 383 1818 Gortynius
405 1740 498 1812 vanit,
522 1751 555 1799 ut
577 1741 629 1813 ibi,
654 1749 716 1818 quo
738 1749 771 1801 sa
794 1743 957 1815 canferret,
980 1750 1050 1802 con-

118 1845 311 1908 2sideraret.
368 1843 454 1902 Vidit
479 1854 580 1903 autem
605 1845 650 1902 vir
673 1845 809 1903 omnium
833 1845 1050 1906 callidissimus
1071 1867 1100 1921 15

153 1947 184 2004 in
211 1953 323 2023 magna
348 1953 381 2004 se
404 1947 471 2005 fore
496 1948 641 2023 periculo,
668 1947 727 2006 nisi
754 1948 829 2024 quid
854 1949 1048 2025 providisset,

153 2058 277 2126 propter
289 2048 447 2108 avaritiam
460 2049 667 2108 Cretensium:
689 2059 832 2128 magnam
848 2051 929 2110 enim
945 2059 1049 2111 sticum

153 2159 315 2234 pecaniam
338 2161 491 2238 portabat,
516 2160 555 2218 de
578 2168 638 2236 qua
661 2159 779 2218 sciabat
802 2167 902 2218 exisse
925 2158 1048 2217 famam.

118 2266 263 2340 3Itaque
286 2265 369 2341 capit
391 2266 452 2324 tale
473 2264 644 2324 consilium.
689 2263 863 2339 Amphoras
878 2262 1050 2339 complures

152 2368 287 2444 complet
314 2368 449 2444 plumbo,
476 2376 610 2426 summas
636 2367 736 2444 operit
760 2374 834 2425 auro
858 2377 889 2426 et
911 2372 1047 2442 argento.
1069 2383 1101 2418 20

154 2471 223 2530 Has
239 2471 453 2548 praesentibus
469 2470 660 2548 principibus
676 2469 804 2545 deponit
820 2468 850 2526 in
866 2468 982 2544 templo
999 2467 1049 2525 Di·

151 2581 239 2644 anae,
253 2573 401 2632 simulans
417 2581 450 2632 se
461 2582 532 2632 suas
544 2574 683 2632 fortunas
695 2572 815 2631 illorum
827 2571 899 2630 fidei
915 2571 1048 2629 eradere.

155 2677 214 2735 His
230 2677 261 2734 in
277 2684 409 2736 errorem
426 2677 568 2747 inductis
586 2684 703 2735 statuas
720 2683 841 2746 aeneas
856 2683 932 2750 quas
945 2681 1049 2732 secum

152 2781 303 2855 portabat,
320 2789 404 2838 omni
420 2788 475 2838 sua
494 2779 623 2856 pecnnia
643 2779 777 2855 complet
797 2786 911 2854 easque
932 2777 963 2834 in
985 2784 1050 2852 pro

118 2882 136 2930 4
151 2883 257 2958 patulo
273 2884 357 2942 domi
373 2882 476 2941 abicit.
522 2882 662 2960 Gortynii
678 2881 826 2958 templum
847 2888 958 2956 magna
979 2888 1050 2938 cara
1070 2893 1100 2946 25

149 2986 338 3058 custodiunt,
356 2993 418 3045 uon
441 2996 504 3044 tam
524 2995 543 3044 a
564 2993 673 3044 crateris
695 3004 787 3061 quam
806 2984 844 3042 ab
862 2982 1049 3054 Hannibale,

152 3095 191 3147 ne
207 3087 257 3148 ille
274 3088 479 3152 inscientibus
494 3088 532 3146 iis
548 3088 669 3147 tolleret
685 3095 849 3162 secumque
865 3087 999 3145 diceret.

185 3220 202 3269 6
235 3221 364 3286 meruit,
395 3223 552 3285 reliquit-
567 3235 596 3281 14
626 3221 815 3283 consideraret,
851 3219 1052 3267 deliberaret.-

154 3317 184 3375 19
202 3303 286 3377 capit,
305 3306 452 3355 iniit—20
470 3304 568 3374 operit,
588 3303 734 3372 tegit-26
745 3303 862 3371 tolleret,
881 3302 1003 3371 auferret.
