2476 3712
470 224 689 274 AGESILAUS.
724 225 780 274 6-8.
979 277 980 282 ,
1041 224 1074 276 63

174 390 333 462 fecissent,
370 390 508 450 laudavit
544 391 707 451 cansitium
743 399 857 464 ebrum,
890 392 973 468 quod
1003 412 1073 450 eum

175 495 277 552 locum
307 503 523 570 occupassent,
551 504 581 553 et
607 502 640 552 se
665 514 788 571 quoque
815 496 846 554 id
871 496 936 554 fieri
960 497 1072 555 debere
1140 485 1142 490 ¹

139 597 440 656 3animadvertisse.
487 599 537 656 Sic
563 598 778 657 adulescentes
804 599 947 659 simulata
970 600 1073 660 lauda·

175 701 261 761 tibne
287 701 479 777 recuperavit
504 711 535 759 et
562 701 714 760 adiunctis
744 703 783 761 de
816 711 879 762 suis
909 703 1072 763 comitibus

175 804 277 863 locum
304 813 401 862 tutum
427 803 558 880 reliquit.
604 807 745 880 Namque
772 805 815 862 illi
838 815 920 865 aucti
946 815 1073 866 numera
1110 822 1122 874 5

175 914 281 966 ebrum
311 915 364 983 qui
393 914 534 983 expertes
563 917 651 966 erant
680 908 798 979 cansili,
826 917 1017 968 commovere
1040 919 1073 969 se

175 1015 239 1066 nan
258 1016 331 1065 sunt
352 1016 419 1065 ausi
440 1014 538 1082 eaque
560 1007 715 1080 libentius,
733 1009 817 1084 quod
837 1009 931 1068 latere
950 1010 1074 1070 arbitra·

175 1108 289 1166 bantur
304 1125 383 1182 quae
399 1106 618 1183 cagitaverant.

138 1222 161 1281 7
220 1209 292 1268 Sine
303 1209 398 1270 dubia
407 1220 480 1286 post
488 1210 680 1269 Leuctricam
692 1221 826 1288 pugnam
835 1213 1073 1272 Lacedaemonii

176 1321 210 1372 se
231 1332 398 1388 numquam
418 1314 590 1372 resecarunt
611 1333 712 1390 neque
732 1315 895 1391 pristinum
914 1316 1074 1392 imperium
1095 1347 1125 1381 10

176 1425 405 1492 recuperarunt,
422 1435 491 1475 cum
513 1416 635 1476 interim
656 1437 822 1494 numquam
838 1419 1002 1494 Agesilaus
1025 1421 1074 1479 de-

177 1519 255 1578 stitit
281 1519 526 1597 quibuscumque
552 1521 643 1579 rebus
669 1533 776 1597 posset
801 1522 931 1598 patriam
960 1523 1072 1583 iuvare.

141 1633 159 1684 2
178 1625 259 1681 Nam
284 1642 354 1681 cum
377 1623 542 1699 praecipue
567 1623 805 1683 Lacedaemonii
829 1625 1002 1702 indigerent
1025 1646 1075 1703 pe-

177 1725 278 1798 cunia,
296 1726 347 1785 ille
363 1726 506 1784 omnibus
523 1736 575 1802 qui
591 1736 609 1785 a
624 1735 695 1803 rege
718 1728 903 1801 deiecerant,
920 1729 1075 1805 praesidii)

176 1829 252 1901 fuit,
275 1829 422 1906 aquibus
439 1838 550 1906 magna
566 1831 699 1889 danatus
714 1831 845 1907 pecunia
860 1832 990 1908 patriam
1007 1835 1074 1892 sub
1096 1859 1124 1911 ¹5

142 1941 160 1992 3
177 1932 300 1991 levavit.
345 1935 449 2009 Atque
471 1932 502 1990 in
525 1933 585 1991 hac
607 1933 682 1991 illud
703 1933 733 1990 in
754 1943 859 2009 primis
874 1935 933 1994 fuit
948 1936 1075 1994 admira·

178 2035 249 2107 bile,
266 2054 336 2094 curn
355 2036 488 2095 maxima
506 2045 632 2119 manera
647 2046 675 2094 ei
691 2037 729 2095 ab
745 2037 868 2113 regibus
883 2047 920 2097 ac
936 2039 1075 2116 dynastis

178 2139 418 2214 civitatibusque
434 2140 654 2212 conferrentur,
668 2141 751 2215 quod
767 2140 841 2197 nihil
864 2161 1009 2217 umquam
1024 2143 1075 2201 du

178 2261 261 2299 mum
282 2261 368 2300 suam
390 2241 529 2314 contulit,
546 2242 621 2299 nihil
643 2243 681 2301 de
701 2252 791 2314 victu,
809 2244 884 2301 nihil
904 2245 943 2303 de
963 2255 1075 2304 vestitu

143 2347 338 2405 4Lacbnum
364 2345 500 2404 mutavit.
555 2346 656 2403 Domi‘)
685 2346 794 2404 eadem
823 2346 882 2404 fuit
911 2357 1075 2406 contentus
1096 2375 1127 2409 20

179 2456 241 2523 qua
263 2448 479 2526 EurystheneS,
497 2447 673 2524 pragenitor
693 2449 842 2507 maiarum
865 2457 997 2522 suarum,
1013 2452 1076 2509 iue-

179 2559 226 2609 rat
247 2561 337 2622 asus3
362 2569 452 2626 quam
474 2559 526 2626 qui
548 2549 684 2622 intrarat,
701 2551 816 2610 nullum
838 2563 959 2629 signum
979 2554 1077 2613 libidi-

179 2654 237 2725 nis,
248 2654 365 2712 nullum
376 2653 512 2711 luxuriae
526 2653 628 2712 vidare
641 2664 770 2729 poterat,
781 2664 888 2714 contra
900 2675 937 2714 ea
948 2657 1077 2732 plurima

178 2756 346 2833 patientiae
374 2766 466 2832 atque
486 2756 708 2814 abstinentiae.
762 2759 813 2817 Sic
839 2758 920 2816 enim
947 2770 1012 2818 erat
1034 2770 1077 2819 in-

180 2870 296 2919 structa
311 2869 343 2918 ut
359 2859 390 2916 in
407 2859 490 2918 nulla
505 2867 537 2918 re
553 2859 689 2919 differret
705 2859 840 2920 cuiusvis
862 2862 963 2938 inopis
984 2873 1077 2940 atque
1096 2889 1127 2942 25

178 2971 298 3040 privati.

141 3071 166 3132 8
221 3069 325 3142 Atque
340 3066 391 3125 hic
407 3074 511 3124 tantus
526 3065 572 3123 vir
587 3075 620 3122 ut
636 3074 774 3125 nataram
789 3066 949 3126 fautricem
965 3069 1077 3128 habue-

212 3223 229 3273 9
257 3208 316 3260 sine
338 3209 430 3273 dubia,
454 3209 658 3272 profecta—14
686 3206 850 3274 daiacerant,
873 3211 1078 3268 desciverant,-

181 3292 210 3349 18
229 3291 422 3364 conferrentur,
435 3292 635 3364 dannatum-25
654 3291 752 3365 inopis,
766 3295 899 3364 pauperis.
