2476 3712
426 208 662 258 ALCIBIADES.
698 223 720 267 2,
733 223 756 273 3.
1009 210 1041 260 31

142 373 366 451 Hipponicum,
397 375 534 434 omnium
563 377 683 435 Graeci
713 375 817 454 linguai
851 377 1042 454 loquentium

141 477 338 551 ditissimum,
355 487 397 552 ut,
417 487 444 537 si
469 478 536 555 ipse
562 479 678 556 fingere
704 480 804 552 vellet,
828 499 929 557 neque
954 481 1043 557 plura

140 582 226 640 bona
257 581 449 640 comminisci
480 600 581 658 neque
611 582 728 643 maiora
756 593 864 660 posset
892 591 1043 660 consequi

141 703 235 761 quam
250 684 300 743 vel
315 692 425 743 natura
439 685 489 744 vel
503 685 628 750 fortuna
642 685 798 746 tribueret.
876 743 885 758 Ι

99 789 124 849 3
183 788 270 847 Bello
287 787 515 864 Peloponnesio
536 789 626 848 huius
646 788 777 862 consilio
798 799 891 866 atque
914 789 1042 850 auctori-
1078 802 1092 856 5

141 994 226 1071 quod
240 996 410 1072 gerendum
425 995 491 1073 ipse
507 995 570 1054 dux
585 996 722 1054 delectus
735 1004 791 1068 est,
805 996 867 1054 duo
882 1006 1043 1073 praetereat

106 1111 123 1162 2
141 1098 289 1175 conlegae
305 1099 378 1171 dati,
391 1099 498 1158 Nicias
513 1108 544 1157 et
559 1100 743 1171 Lamachus.
778 1099 817 1158 Id
832 1118 901 1158 cum
916 1109 1043 1178 appara-

141 1209 233 1274 retur,
247 1201 332 1278 prius
348 1221 441 1279 quam
456 1202 566 1262 classis
582 1211 687 1275 exiret,
701 1202 814 1261 accidit
829 1212 863 1261 ut
878 1212 939 1263 una
951 1213 1042 1263 nocte

141 1312 250 1364 omnes
270 1307 394 1365 hermae
416 1315 468 1383 qui
490 1305 521 1364 in
542 1306 658 1383 oppido
680 1316 768 1365 erant
788 1307 928 1379 Athenis,
945 1306 1043 1366 deice·
1063 1327 1093 1362 ιο

141 1418 248 1468 rentur
269 1418 392 1485 praeter
415 1419 518 1481 imum,
545 1417 685 1486 quiante
709 1408 832 1467 ianuam
856 1419 922 1468 erat
940 1410 1043 1468 Ando

142 1511 214 1570 cidi.
268 1515 378 1589 Itaque
402 1512 452 1571 ille
473 1521 583 1589 postea
604 1511 776 1571 Mercurius
792 1511 949 1571 Andocidi
964 1512 1043 1571 voci-

106 1623 226 1676 status
255 1625 312 1674 est.
358 1617 431 1676 Hoc
459 1634 529 1674 cum
559 1622 719 1692 appareret
745 1622 807 1674 non
832 1614 900 1674 sine
930 1624 1043 1693 migne

142 1718 308 1778 multorum
337 1718 543 1798 consensione
572 1737 641 1778 esse
664 1718 790 1791 tactum,
807 1736 888 1794 quae
916 1726 980 1779 non
1003 1719 1042 1777 ad

142 1830 301 1898 privatam,
318 1823 374 1882 sed
395 1823 435 1881 ad
457 1821 612 1898 publicam
634 1841 699 1881 rem
720 1821 895 1898 pertineret,
913 1831 1042 1900 maignus
1063 1840 1093 1894 15

142 1925 332 1984 multitudini
347 1925 438 1984 timor
453 1935 501 1984 est
516 1925 657 1998 iniectus,
674 1932 713 1985 ne
729 1945 790 2003 qua
813 1935 975 2003 repentina
997 1935 1043 1986 vis

142 2029 175 2086 in
205 2028 329 2088 civitate
355 2029 526 2102 exsisteret,
553 2047 632 2106 quae
659 2029 831 2089 libertatem
857 2030 1044 2107 opprimeret

106 2142 125 2191 4
142 2132 258 2208 populi.
304 2134 376 2192 Hoc
391 2132 522 2191 maixime
534 2141 698 2191 convenire
715 2132 747 2190 in
757 2131 951 2192 Alcibiadem
962 2133 1044 2192 vide·

142 2236 242 2307 batur,
265 2237 348 2312 quod
374 2245 405 2294 et
420 2235 576 2312 potentior
599 2246 631 2296 et
659 2236 755 2296 maior
784 2255 876 2313 quam
906 2246 1044 2313 privatus

143 2339 398 2398 existimabitur:
419 2340 532 2400 multos
547 2340 630 2399 enim
650 2340 834 2400 liberalitate
855 2341 1041 2412 devinxerat,
1063 2358 1094 2393 20

107 2450 125 2500 5
142 2443 246 2519 plures
261 2442 354 2502 etiam
368 2453 463 2521 opera
477 2445 594 2504 forensi
610 2453 683 2504 suos
699 2445 883 2504 reddiderat.
929 2445 1044 2519 Quare

142 2546 241 2605 fiebat
256 2556 289 2605 ut
308 2547 444 2606 omnium
466 2548 581 2621 oculos,
598 2545 872 2624 quotienscumque
895 2548 926 2606 in
949 2547 1044 2624 publi-

143 2668 214 2708 cum
229 2648 393 2726 prodisset,
411 2650 450 2708 ad
466 2658 499 2710 se
515 2661 709 2710 converteret
724 2671 825 2729 neque
842 2661 870 2710 ei
888 2660 944 2728 par
964 2651 1044 2727 quis-

144 2771 238 2830 quam
253 2752 421 2813 incivitate
436 2762 610 2831 poneretur.
646 2756 755 2832 Itaque
771 2763 834 2814 non
847 2755 945 2814 stilum
958 2773 1044 2832 spem

189 2961 202 2994 2
227 2945 406 3012 ditissimum,
437 2949 730 3010 opulentissimum—4
755 2948 896 3013 tribueret,
925 2950 1044 2996 daret.-
1109 2993 1112 2998 .

144 3045 158 3094 7
186 3031 307 3082 delectus
337 3032 389 3095 est,
419 3037 518 3079 credtus
545 3038 649 3094 esd—9
674 3032 769 3096 exiret,
792 3031 1046 3094 proficisceretur.—

148 3128 177 3162 12
204 3114 343 3166 vocitetur
366 3115 419 3178 eet,
444 3115 592 3162 no'mimitus
620 3121 705 3161 est-
720 3128 748 3179 13
775 3116 928 3178 appeteret,
953 3121 1046 3163 co'nstd·

145 3205 190 3247 ret.
200 3224 235 3233 —
246 3211 273 3259 17
288 3197 441 3262 exsisteret,
452 3202 573 3245 oreretur.
580 3224 613 3232 —
621 3211 652 3246 20
664 3197 835 3263 devinxerat,
844 3197 1003 3262 obligaverat.
1012 3224 1046 3234 -

145 3295 178 3342 24
195 3281 349 3346 poneretur,
362 3281 562 3332 existimaretur.
