2476 3712
191 225 223 275 22
484 229 705 278 Pnusnulns.
742 245 763 288 2,
777 245 799 295 3.

191 412 262 452 nem
278 393 389 453 cecidit
405 396 729 457 Lacedaemonierum.
775 398 847 471 Que
861 399 945 457 facte
966 399 1090 459 domum

191 507 361 569 revocetuS‚
394 508 557 558 aecusatus
589 500 699 578 capitis
732 501 909 574 absolvitur,
946 502 1090 561 multetur

190 609 294 658 tamen
323 601 475 677 pecunia:
520 621 612 679 quam
641 604 681 662 ob
720 623 845 662 causam
881 605 921 663 ad
959 604 1089 663 classem

190 712 337 762 remissus
360 711 424 763 non
449 713 506 764 est.

150 803 174 863 3
232 809 274 865 At
289 806 340 865 ille
355 817 427 883 post
442 815 505 866 non
528 808 624 868 multo
647 817 703 868 sue
726 819 837 885 sponte
860 810 900 868 ad
922 810 1087 869 exercitum
1127 822 1140 873 5

190 909 281 968 rediit
297 919 328 968 et
343 909 385 968 ibi
397 917 459 970 non
472 911 593 984 callide,
606 912 661 970 sed
675 912 811 970 dementi
822 913 941 972 ratione
954 913 1088 990 cogitata

190 1012 358 1089 patefecit:
382 1021 444 1072 non
460 1014 542 1072 enim
559 1021 659 1074 mores
675 1015 792 1090 patrios
805 1015 913 1088 selum,
927 1017 983 1075 sed
995 1016 1086 1075 etiam

155 1117 173 1166 2
190 1117 305 1175 cultum
320 1125 527 1193 vestitumque
544 1117 680 1176 mirtevit.
716 1121 877 1194 Apparetir
889 1119 972 1196 regio
985 1121 1087 1179 sitebe-

189 1228 247 1291 tur,
257 1229 342 1278 veste
356 1221 479 1280 Medica
494 1247 500 1294 3
522 1219 671 1279 satellites
685 1221 771 1280 Medi
783 1231 814 1280 et
826 1222 971 1300 Aegyptii
983 1231 1088 1299 seque-

189 1322 323 1382 bantur:
361 1305 544 1398 epulabatur
577 1330 661 1382 more
699 1325 862 1383 Perserum
895 1326 1085 1399 luxuriesiuS,
1111 1344 1142 1380 10

155 1441 172 1491 3
190 1444 281 1502 quam
298 1434 350 1502 qui
366 1426 494 1484 aderant
509 1435 628 1502 perpeti
643 1436 773 1503 possent
787 1451 793 1498 3
824 1427 942 1487 aditum
959 1430 1087 1505 petenti-

189 1528 248 1588 bus
265 1527 506 1608 [conveniundi]
524 1536 587 1588 nen
604 1529 707 1601 dabat,
721 1531 853 1605 superbe
868 1532 1086 1607 respondebat,

190 1631 352 1690 crudeliter
386 1631 566 1707 imperabat.
627 1633 768 1708 Spartam
805 1634 904 1692 redire
941 1635 1086 1694 nolebat:

190 1735 335 1807 Colonen
353 1743 406 1811 qui
422 1735 507 1793 locus
526 1734 557 1791 in
582 1742 655 1812 agro
678 1736 800 1794 Troiade
823 1745 880 1807 est,
898 1744 931 1795 se
953 1738 1088 1796 contule·

189 1847 236 1896 rat
251 1861 257 1910 ;
280 1837 323 1896 ibi
338 1838 468 1897 censilia
483 1855 553 1896 cum
569 1838 685 1915 patriae
702 1847 766 1896 tum
779 1837 838 1897 sibi
854 1837 978 1898 inimica
990 1840 1088 1916 capie·
1112 1853 1146 1907 15

155 1942 172 1991 4
188 1940 251 1999 bat.
287 1941 325 1999 Id
340 1949 504 2017 postquam
521 1941 761 1999 Lacedaemonii
776 1941 954 2013 rescierunt,
968 1943 1088 2020 legatos

188 2043 367 2102 cumclavai
390 2045 521 2102 adeum
546 2050 701 2116 miserunt,
720 2043 750 2102 in
776 2052 837 2120 que
861 2052 944 2104 more
968 2045 1089 2105 illorum

188 2157 253 2206 erat
274 2157 442 2224 seriptum:
469 2148 529 2207 nisi
547 2149 672 2207 domum
693 2155 903 2220 reverteretur,
921 2156 954 2207 se
977 2149 1088 2225 capitis

154 2257 258 2310 5eum
281 2253 489 2311 damnatore&
536 2254 608 2311 Hoc
630 2251 738 2311 nuntio
761 2259 941 2324 commotus,
956 2259 1089 2328 'sperans

188 2362 222 2415 se
237 2355 329 2414 etiam
346 2366 410 2415 tum
426 2355 557 2432 pecunie
573 2364 603 2413 et
618 2355 757 2430 potentia
776 2363 896 2414 instens
919 2356 1089 2431 periculum
1113 2376 1150 2412 20

187 2478 280 2535 posse
305 2460 468 2535 depellere,
493 2460 618 2518 domum
641 2458 740 2517 rediit.
787 2461 859 2517 Hire
881 2469 915 2518 ut
938 2459 1030 2530 venit,
1047 2460 1089 2519 ab

188 2564 312 2638 ephoris
327 2563 359 2620 in
372 2563 473 2621 vincla
488 2561 612 2638 publica
627 2571 675 2620 est
696 2561 876 2620 coniectus:
911 2561 983 2621 licet
1005 2561 1090 2620 enirn

188 2665 307 2742 legibus
323 2673 428 2725 oerum
444 2664 541 2723 cuivis
557 2665 674 2740 ephoro
690 2665 749 2723 hec
764 2665 867 2723 facere
883 2672 955 2742 regi.
1002 2665 1091 2724 Hinc

188 2778 291 2828 tamen
312 2776 345 2827 se
366 2767 530 2845 expedivit,
548 2777 648 2843 neque
670 2775 707 2827 eo
728 2767 826 2844 magis
845 2768 970 2828 carebat
991 2778 1092 2844 suspi-

187 2871 298 2931 ciene:
325 2891 397 2929 nam
413 2870 518 2946 opinis)
534 2871 679 2929 manebat
694 2888 763 2929 eum
787 2888 857 2929 eum
880 2878 950 2949 rege
972 2871 1091 2931 habere
1116 2897 1132 2930 2
1138 2898 1153 2949 5

154 2975 378 3036 6societaitem.
434 2976 489 3032 Est
511 2993 610 3050 genus
637 2974 795 3050 quoddam
822 2974 981 3032 hominum
1003 2976 1093 3051 quod

229 3128 245 3176 6
262 3127 392 3192 cogitem,
408 3127 521 3174 censilia.
531 3155 565 3162 —
577 3139 602 3173 11
627 3127 743 3190 perpeti,
755 3126 924 3190 perferre.—
934 3142 963 3188 14
981 3129 1010 3177 se
1027 3141 1095 3180 con-

186 3212 297 3274 tulerat,
306 3215 331 3257 se
343 3214 473 3270 reciperat.
483 3237 517 3244 -
528 3222 558 3273 15
568 3222 627 3259 cum
641 3244 646 3254 .
661 3245 665 3255 .
680 3211 765 3271 ⁸tum,
781 3217 820 3256 et.
835 3245 840 3255 .
855 3210 1095 3278 .et.-1orescie·

187 3297 260 3358 runt,
273 3297 448 3356 crigndverunt.
457 3319 490 3326 -
501 3305 528 3338 21
550 3292 692 3355 depellere,
708 3293 869 3353 prmulsrire.
