2476 3712
399 219 695 268 THEMISTOCLES.
733 232 754 285 5,
767 211 804 268 6.'
1011 219 1040 270 13

138 386 368 446 Themistocles
390 393 500 446 verens
520 393 559 444 ne
581 386 696 445 bellare
719 394 938 463 perseveraret,
955 387 1040 446 certi-

138 497 224 549 orem
246 508 317 548 eum
339 489 414 548 iecit
429 489 460 549 id
476 498 535 566 agi,
555 498 588 548 ut
603 496 683 566 pons
699 509 790 566 quem
810 489 861 548 ille
883 489 914 547 in
937 491 1039 550 Helle

138 600 254 669 sponto
283 593 407 664 fecerat,
431 591 651 651 dissolveretur
679 601 717 651 ac
744 591 846 652 redito
874 592 905 650 in
932 593 1038 652 Asiam

101 695 361 769 2excloderetur,
386 694 479 772 idque
502 703 531 754 ei
553 694 715 772 persuasit.
762 698 871 772 ltaque
898 705 959 773 qua
985 715 1039 755 sex

137 798 299 858 mensibus
315 799 373 857 iter
386 798 512 872 iecerat,
529 798 639 858 eadem
662 797 764 857 minus
784 797 894 858 diebus
914 799 1038 876 triginta
1074 813 1088 866 5

137 901 170 959 in
198 902 305 960 Asiam
331 920 473 960 reversus
499 910 547 960 est
573 907 668 977 seque
694 910 712 960 a
738 901 948 962 Themistocle
974 910 1038 962 non

100 1007 118 1057 3
137 1013 326 1081 superatum,
351 1005 407 1063 sed
431 1011 649 1064 conservatum
672 1003 828 1064 iodicavit.
874 1005 1037 1065 Sicinius

136 1107 196 1166 viri
210 1107 374 1183 prodentia
389 1106 522 1167 Graecia
544 1106 675 1166 liberata
690 1115 737 1166 est
753 1108 956 1185 Europaeque
972 1127 1038 1167 suc-

136 1210 246 1269 cubuit
269 1209 354 1269 Asia.
409 1212 500 1268 Haec
523 1219 572 1269 est
595 1209 691 1268 altera
714 1209 843 1288 victoria
865 1229 944 1288 quae
967 1231 1037 1270 cum

138 1313 339 1373 Marathonio
363 1313 462 1391 possit
488 1321 660 1390 comparari
685 1295 822 1390 tropaeo.
867 1316 948 1398 Nam
970 1324 1036 1390 pari
1057 1307 1087 1374 ro

137 1417 231 1475 modo
248 1417 330 1492 apud
347 1416 502 1476 Salamina
513 1423 610 1493 parvo
622 1424 750 1476 numero
765 1415 888 1476 navium
905 1417 1037 1476 maxima

136 1529 209 1595 post
224 1518 383 1577 hominum
399 1519 577 1579 memoriam
593 1519 702 1579 classis
718 1529 766 1579 est
781 1501 911 1580 detiicta.

96 1624 120 1683 6
181 1624 316 1700 Magnus
330 1623 390 1682 hoc
406 1623 489 1683 bello
504 1623 731 1683 Themistocles
745 1624 804 1684 fuit
819 1643 920 1701 neque
937 1625 1036 1684 minor

136 1725 168 1782 in
184 1734 271 1803 pace.
317 1727 396 1785 Cum
411 1725 494 1784 enim
510 1726 673 1787 Phalerico
694 1736 785 1804 porto
807 1747 908 1804 neque
924 1736 1035 1807 magno

135 1931 248 2008 triplex
264 1935 364 1990 Piraei
378 1941 486 2008 portus
503 1933 690 1992 constitotus
706 1943 754 1993 est
769 1934 857 2012 isque
874 1935 1034 1995 moenibus

136 2034 354 2108 circumdatus,
365 2043 399 2093 ut
411 2033 510 2111 ipsam
523 2036 630 2095 urbem
645 2036 796 2115 dignitate
812 2038 1032 2116 aequiperaret,

102 2138 268 2198 aotiiitate
305 2147 473 2216 superaret.
531 2130 622 2200 idem
657 2149 760 2201 moros
796 2141 1033 2201 Atheniensium

136 2241 270 2301 restituit
295 2242 463 2319 praecipuo
492 2250 549 2302 suo
577 2244 733 2320 periculo.¹
769 2233 911 2323 Namque
941 2248 1034 2304 Lace-

135 2345 293 2404 daemonii
307 2331 433 2404 causam
448 2345 592 2405 idoneam
605 2357 687 2406 nacti
699 2358 823 2426 propter
834 2349 1032 2409 barbarorum
1053 2366 1084 2400 20

135 2448 342 2521 excursiones,
359 2457 421 2524 qua
443 2457 592 2527 negarent
614 2458 754 2526 oportere
778 2461 863 2511 extra
885 2453 1033 2531 Pelopon-

135 2559 244 2610 nesum
267 2552 360 2609 ollam
382 2552 490 2612 urbem
512 2561 614 2613 moros
637 2554 759 2627 habere,
777 2562 816 2614 ne
838 2565 943 2614 essent
965 2557 1034 2614 loca

135 2661 253 2713 monita
280 2673 358 2730 quae
379 2655 486 2715 hostes
506 2657 710 2732 possiderent,
728 2657 935 2717 Athenienses
953 2659 1033 2717 aedi·-

102 2759 266 2817 3ficantes
294 2759 457 2835 prohibere
488 2770 560 2818 sunt
588 2768 700 2819 conati.
751 2763 822 2820 Hoc
851 2762 942 2839 longe
972 2749 1033 2820 alio

135 2862 298 2938 spectabat
314 2870 407 2938 atque
423 2862 520 2921 videri
534 2863 689 2942 volebant.
727 2864 934 2924 Athenienses
951 2864 1032 2922 enim
1052 2878 1082 2931 25

178 3047 188 3082 1
207 3033 317 3093 bollire,
333 3033 424 3083 bellum
434 3051 529 3097 gerere.
539 3063 572 3070 —
582 3035 720 3087 certiorem
738 3050 800 3086 eum
818 3035 894 3102 fecit,
910 3043 937 3086 er*
947 3040 1033 3086 minti·

133 3121 194 3166 (ἶνίν.
204 3116 482 3182 -ΜίεεοΙνεῐδῒιιῐ,
495 3118 728 3166 interscinderetur.
738 3147 771 3154 —
783 3133 794 3184 5
808 3119 859 3170 iter
871 3119 981 3185 fecerat,
995 3126 1033 3168 ve-

134 3207 284 3263 maa-9
306 3200 403 3265 altera,
426 3201 626 3248 secunda-10
649 3203 808 3266 comparari,
830 3204 1032 3267 confina-13

133 3287 259 3350 maignus,
277 3286 398 3348 egregius.
407 3311 439 3320 -
451 3298 482 3333 20
500 3284 583 3349 nacti,
596 3286 686 3348 adepti.
696 3312 730 3320 -
740 3297 770 3350 25
786 3285 883 3352 videri,
899 3283 1044 3350 apperire(
