2476 3712
458 671 744 758 AGESlLllUS.

115 922 138 981 1
195 925 379 982 Aonsnius
404 921 668 981 Lacedaemonius
690 941 759 980 cum
782 932 801 982 a
823 929 933 983 ceteris
955 933 1048 1001 scrip

152 1025 354 1104 toribustum
367 1025 476 1084 eximie
491 1034 510 1084 ai
525 1026 734 1102 Xenophonte
752 1026 910 1086 Secratico
926 1027 1047 1086 conlau-

117 1130 244 1191 2datus
267 1138 332 1188 est:
356 1136 394 1188 eo
416 1128 497 1187 enim
520 1138 594 1187 risus
615 1138 664 1187 est
684 1129 930 1190 familiarissime.
985 1132 1047 1190 Hic

152 1241 283 1310 primum
314 1231 352 1290 de
386 1239 481 1309 regne
511 1250 581 1290 cum
610 1232 810 1310 Leotychide,
839 1233 942 1292 fratris
970 1233 1044 1306 filio,

152 1335 261 1394 habuit
275 1335 514 1394 contentionem.
560 1336 633 1394 Mos
655 1345 721 1394 erat
743 1335 859 1395 enimet
879 1336 1046 1396 maioribus
1082 1365 1096 1419 5

153 1438 408 1498 Lacedaemoniis
433 1437 564 1497 traditus
588 1447 621 1496 ut
647 1438 725 1497 dues
751 1438 901 1498 haberent
926 1458 1047 1516 semper

152 1550 247 1620 reges,
264 1543 388 1602 nemine
411 1542 508 1619 magis
531 1560 623 1619 quam
646 1541 783 1618 imperiti,
805 1561 842 1600 ex
862 1542 982 1602 duabus
1003 1544 1047 1602 fa-

151 1646 243 1705 miliis
265 1647 365 1706 Procli
386 1655 417 1704 et
440 1645 651 1722 Eurysthenis,
671 1655 723 1721 qui
744 1645 899 1723 principes
921 1665 959 1705 ex
980 1654 1045 1723 pro

116 1750 240 1827 ngenie
263 1749 409 1810 Herculis
433 1750 560 1825 Spartae
581 1755 668 1825 reges
689 1748 821 1808 luerunt.
868 1751 988 1809 Herum
1008 1769 1046 1809 ex

151 1853 246 1912 alteri
266 1853 298 1912 in
317 1854 441 1913 alterius
462 1851 596 1910 familiae
617 1851 718 1910 locum
740 1852 805 1910 fieri
827 1859 890 1912 non
912 1852 1044 1912 licebat:
1065 1881 1096 1917 ιο

151 1956 194 2015 ita
209 1966 338 2033 utraque
353 1977 442 2016 suum
458 1956 610 2015 retinebat
625 1955 773 2015 erdinem.
818 1958 952 2014 Primum
967 1956 1045 2016 ratio

150 2043 321 2120 habebitur
342 2070 395 2138 qui
417 2061 566 2120 maximus
592 2069 667 2119 natu
689 2069 771 2118 esset
793 2078 831 2118 ex
852 2059 956 2119 liberis
979 2059 1045 2119 eius

150 2172 202 2240 qui
224 2171 356 2241 regnans
378 2163 586 2235 decessisset;
609 2162 657 2221 sin
672 2162 699 2221 is
713 2162 829 2222 virilem
853 2181 958 2221 sexum
981 2170 1044 2222 non

149 2267 332 2343 reliquisset,
349 2278 413 2327 tum
430 2267 621 2343 deligebatur
636 2275 688 2341 qui
710 2266 866 2342 proximus
881 2276 964 2326 esset
979 2286 1045 2344 pro

114 2376 131 2425 4
149 2371 329 2446 pinquitaite.
375 2373 518 2430 Mortuus
536 2381 601 2430 erat
617 2358 694 2448 hgis
709 2378 769 2443 rex,
783 2372 877 2430 freter
892 2371 1043 2448 Agesilai:
1064 2394 1093 2447 ¹5

147 2475 246 2533 filiurn
270 2476 433 2552 reliquerat
458 2475 687 2553 Leotychidem.
740 2475 840 2549 Quem
864 2475 915 2534 ille
938 2483 1042 2534 netum

147 2585 211 2637 non
234 2587 370 2656 ignerat,
395 2579 528 2637 eundern
552 2579 685 2637 moriens
709 2597 797 2637 suum
822 2597 890 2638 esse
916 2578 1042 2638 dixerat.

148 2683 180 2740 Is
201 2683 239 2741 de
259 2681 376 2742 honere
396 2689 482 2758 regni
502 2700 571 2740 curn
591 2681 745 2758 Agesilae,
762 2689 872 2758 patruo
892 2689 957 2754 sue,
974 2701 1043 2740 con-

112 2791 128 2841 5
146 2785 254 2858 tendit,
269 2804 369 2862 neque
385 2784 417 2843 id
432 2784 516 2860 quod
531 2784 647 2860 petivit,
661 2792 846 2843 conscentus
861 2794 917 2844 est.
963 2787 1043 2843 Nam

188 2963 201 2996 2
215 2948 322 3013 eximie,
331 2949 516 3011 praecipue-
522 2960 535 3013 5
549 2947 758 3013 contentionem,
767 2947 959 2997 certamem-8
971 2948 1046 3012 prin-

144 3031 227 3097 ciper,
243 3023 418 3097 'primi-13
436 3030 543 3081 virilem
561 3043 665 3095 nexum,
679 3031 869 3095 filim-19
886 3032 1044 3082 consecutus

143 3116 197 3181 eet,
209 3116 364 3177 impetravit·
