2476 3712
390 221 687 270 ruuursrocrus.
722 235 746 284 7,
757 221 781 270 a.
1003 219 1033 272 ιε

135 389 236 448 tendit
249 389 330 448 falsa
346 389 382 447 iis
398 407 467 447 esse
484 389 604 447 deleta:
626 397 720 464 quere
736 408 867 464 aequum
883 408 952 449 esse
965 389 1033 448 illes

134 491 217 551 vires
238 492 340 551 bones
361 492 543 569 nebilesque
566 491 686 551 mittere
710 492 822 568 quibus
843 493 922 551 fides
943 493 1034 552 habe-

58 666 60 671 ,
133 603 225 669 retur,
252 605 305 672 qui
337 614 401 653 rem
434 595 645 671 explorarent:
682 595 800 654 interee
830 603 863 654 se
893 596 1033 655 obsidem

98 705 116 755 3
133 698 311 757 retinerent.
356 699 472 758 Gestus
487 708 536 757 est
551 707 579 756 ei
595 706 670 771 ιιιὸε,
684 705 808 774 tresque
828 699 920 776 legati
935 699 1033 757 functi

132 812 262 860 summis
286 801 455 860 honeribus
476 802 621 860 Athenas
647 810 734 860 missi
757 810 839 861 sunt
818 804 962 862 tCum
985 803 1082 869 hiss

132 905 281 982 conlegas
306 912 378 964 sues
399 904 626 963 Themistocles
650 904 739 964 iessit
761 905 940 981 proficisci'
933 915 1032 982 risque

131 1008 286 1085 praedixit
315 1017 349 1066 ut
378 1015 417 1065 ne
450 1007 534 1082 prius
564 1008 882 1068 Lacedaemonierum
915 1009 1032 1085 legates

97 1111 324 1170 4dimitterent
347 1129 439 1186 quam
462 1110 528 1187 ipse
551 1121 635 1170 esset
657 1121 812 1171 remissus.
859 1113 927 1170 Hes
951 1122 1033 1189 post-

113 1233 226 1291 &quam
246 1214 387 1272 Athenas
407 1213 586 1290 pervenisse
607 1223 692 1273 ratus
708 1224 764 1284 est,
781 1215 821 1273 ad
836 1215 1032 1291 magistretsrs

57 1351 59 1356 ·
132 1327 337 1393 senatumque
364 1296 681 1376 Lacedaemonierum
711 1318 786 1376 adiit
813 1327 844 1376 et
869 1319 952 1394 apud
978 1325 1032 1377 ees
1053 1340 1082 1374 ιο

131 1421 286 1480 liberrime
309 1420 469 1497 professus
491 1430 555 1480 est:
581 1420 789 1480 Athenienses
812 1428 869 1480 sue
892 1420 1030 1492 censilir'),

131 1524 218 1601 quod
240 1532 395 1582 communi
420 1523 484 1582 iere
507 1523 646 1601 gentium
669 1515 771 1582 iacere
795 1533 931 1600 possent,
956 1525 1032 1583 dees

131 1627 274 1704 publices
290 1634 424 1708 suesque
440 1626 556 1703 patries
572 1635 609 1685 ec
624 1633 762 1724 penates,
780 1634 841 1704 que
856 1627 977 1685 facilius
993 1628 1031 1686 ab

131 1731 222 1789 hoste
241 1739 370 1807 possent
392 1729 569 1801 defendere,
587 1739 680 1788 meris
703 1730 867 1806 saepsisse,
885 1749 984 1806 neque
1001 1731 1032 1787 in

98 1837 114 1887 5
131 1839 169 1893 ee
186 1834 270 1910 quod
286 1833 393 1892 inutile
409 1832 657 1892 essetGraeciae
673 1832 795 1891 fecisse.
816 1835 896 1890 Nam
912 1833 1032 1891 illerum
1052 1853 1082 1906 15

131 1938 241 2010 urbem
256 1945 289 1995 ut
304 1936 569 2013 prripr'rgneculum
591 1934 769 2012 oppositum
791 1954 859 1994 esse
882 1937 1030 2009 barbaris,

132 2041 217 2117 apud
240 2059 332 2117 quam
355 2037 486 2098 iambis
509 2039 626 2098 classes
651 2038 751 2115 regies
777 2038 889 2097 iecisse
913 2040 1032 2096 naufra-

98 2152 115 2201 6
130 2143 225 2221 gium.
249 2141 516 2202 Lacedaemonies
533 2149 635 2200 autem
650 2142 730 2200 male
746 2151 777 2200 et
792 2141 904 2200 iniuste
919 2142 1029 2214 facere,

132 2256 184 2323 qui
200 2245 233 2305 id
245 2246 348 2323 potius
364 2245 564 2316 intuerentur,
577 2245 661 2320 quod
677 2245 812 2321 ipserum
829 2245 1031 2304 dominetieni

132 2368 225 2427 quam
242 2350 325 2427 quod
341 2349 501 2408 universae
517 2347 667 2407 Graeciae
688 2347 760 2405 sutile
781 2357 872 2407 esset.
918 2348 1030 2422 Quere,
1051 2371 1082 2404 20

132 2463 158 2528 si
174 2461 249 2512 sues
265 2453 383 2529 legetes
399 2451 535 2528 recipere
552 2451 675 2523 vellent,
693 2457 771 2526 ques
788 2451 929 2509 Athenes
944 2460 1032 2508 mise-

132 2534 210 2628 rant,
235 2563 268 2614 se
293 2554 493 2627 remitterent,
516 2574 579 2612 cum
606 2553 694 2612 aliter
717 2553 786 2612 illes
810 2572 977 2630 numquam
1001 2553 1031 2611 in

132 2659 263 2737 patriam
279 2667 384 2717 essent
399 2665 561 2734 recepturi.

94 2767 119 2828 8
174 2764 295 2820 Tamen
329 2769 391 2820 nen
425 2760 532 2838 effugit
565 2760 676 2818 civium
713 2767 837 2818 suerum
874 2759 1030 2819 invidiam.

133 2869 276 2943 Namque
301 2865 346 2924 ob
366 2864 536 2923 eundemt
525 2863 664 2921 timerem
690 2870 750 2938 que
777 2863 941 2921 damnatus
968 2873 1033 2923 erat
1051 2883 1082 2936 25

133 2969 302 3040 Miltiades,
327 2976 388 3026 test
376 2968 508 3051 tularum
538 2965 692 3042 suffragiis
718 2973 734 3025 e
760 2966 885 3024 civitete
912 2966 1032 3028 eiectus

175 3139 184 3172 1
202 3135 263 3175 esse
278 3121 381 3184 delita,
397 3133 455 3168 esse
449 3091 634 3168 ἥιῖιιίίᾱια.-
600 3131 656 3178 -7
673 3117 819 3183 praedixit,
827 3121 1007 3181 praecepit.-

130 3210 207 3259 ratus
225 3207 279 3270 est,
298 3204 442 3252 arbrtrdtus
458 3208 543 3252 est-
558 3215 583 3250 11
605 3199 743 3268 professus
761 3209 811 3267 est,
830 3202 903 3252 verba
915 3133 1032 3265 fecrss9t
999 3231 1032 3240 -

132 3304 161 3360 ²5
173 3293 217 3358 ob,
224 3295 343 3355 propter.
