2476 3712
173 205 206 258 54
468 204 683 255 Puuopruns.
719 218 741 282 2,
754 218 777 271 3.

173 375 236 434 dux
256 384 321 434 erat
342 373 516 452 Pelopidas,
534 391 603 432 cum
620 374 752 432 Athenis
772 373 905 433 interdiu
924 384 1070 449 exissent,

174 487 208 536 ut
228 485 466 554 vesperascente
490 477 577 536 caelo
600 477 726 535 Thebas
748 487 878 554 possent
900 487 1070 554 pervenire,

173 598 244 639 cum
264 580 394 640 canibus
414 579 564 639 veneticis
585 579 732 652 exierunt,
749 580 826 639 retia
846 581 990 654 ferentes,
1007 601 1072 641 ves-

173 692 231 742 titu
257 691 378 761 agresti,
406 690 467 759 quo
493 682 611 743 minore
637 683 815 760 suspicione
840 684 979 744 iacerent
1004 684 1069 744 iter.

174 787 330 860 Quicum
360 796 499 864 tempore
525 786 594 863 ipso
617 794 679 864 quo
703 787 893 860 studuerant,
917 787 1071 864 pervenis·
1107 811 1122 864 5

173 899 251 963 sent,
266 890 391 949 domum
404 889 558 950 Charonis
573 891 778 964 deverterunt,
791 900 811 951 e
826 898 888 968 quo
903 901 935 951 et
949 901 1071 970 tempus

173 1005 204 1053 et
219 994 285 1054 dies
300 1004 365 1054 erat
380 994 480 1054 datus.

137 1102 160 1163 3
216 1100 288 1158 Hoc
308 1098 377 1158 loco
397 1097 474 1157 libet
487 1095 692 1174 interponere,
710 1107 769 1158 etsi
786 1097 958 1184 seiunctum
978 1100 1017 1160 ab
1037 1107 1070 1159 re

172 1201 331 1279 proposito
342 1211 398 1275 est,
412 1202 506 1260 nimia
517 1201 633 1261 fiducia
645 1212 780 1280 quantae
792 1203 960 1263 calamitati
972 1203 1071 1262 soleat

173 1326 250 1368 esse.
302 1311 382 1368 Nam
405 1309 639 1386 magistratuum
662 1308 882 1367 Thebanorum
904 1307 1008 1368 statim
1030 1308 1070 1367 ad
1091 1327 1122 1364 ro

173 1419 262 1472 aures
285 1412 425 1489 pervenit
450 1414 572 1473 exsules
598 1413 630 1473 in
657 1413 763 1473 urbem
786 1412 918 1471 venisse.
964 1411 1002 1470 Id
1026 1410 1069 1471 illr
1140 1437 1142 1440 ·

172 1526 245 1579 vino
267 1521 427 1598 epulisque
450 1521 547 1581 dediti
569 1540 667 1598 usque
689 1529 727 1581 eo
749 1521 956 1597 despexerunt
975 1529 1008 1578 ut
1031 1525 1070 1578 ne

138 1624 156 1674 2
173 1642 320 1700 quaerere
335 1625 461 1702 quidem
480 1627 520 1685 de
542 1634 630 1685 tante
652 1632 684 1684 re
700 1620 883 1684 laborarint.
929 1621 1071 1682 Accessit

172 1726 264 1785 etiarn
280 1728 364 1804 quod
379 1728 476 1806 magis
494 1737 626 1805 aperiret
645 1735 750 1788 eorum
769 1725 965 1786 dementiam.
1010 1724 1070 1783 Ad-

172 1829 234 1889 leta
256 1840 304 1890 est
326 1831 408 1891 enim
430 1831 563 1908 epistula
582 1831 714 1891 Athenis
736 1832 775 1890 ab
799 1831 936 1890 Archino
958 1837 1011 1888 oni
1032 1846 1070 1887 ex
1090 1843 1121 1895 ις

173 1934 230 2008 his,
248 1934 389 2008 Archiae,
406 1944 459 2012 qui
481 1945 545 1994 tum
568 1935 733 1994 maximum
755 1934 969 2011 magistratum
990 1933 1069 1992 The·

171 2037 221 2097 bis
241 2037 411 2110 obtinebat,
428 2037 460 2095 in
480 2047 542 2114 que
564 2037 668 2096 omnia
690 2038 729 2097 de
751 2027 941 2114 profectione
964 2043 1069 2096 eorum

172 2150 343 2218 perscripta
359 2151 455 2201 erant.
499 2141 588 2215 Quae
606 2159 675 2200 cum
694 2140 754 2199 iam
773 2140 937 2200 accubanti
953 2139 984 2198 in
1000 2158 1070 2199 con-

172 2245 254 2304 vivio
277 2253 360 2304 esset
382 2245 463 2316 data,
487 2254 567 2303 sicut
589 2254 654 2303 erat
676 2252 806 2322 signata,
830 2244 888 2302 sub
910 2244 1069 2320 pulvinum

173 2347 328 2407 subiciens
341 2350 403 2406 “In
413 2347 611 2419 crastinum,’'
621 2347 729 2423 inquit,
743 2346 876 2406 “differo
886 2353 935 2406 res
943 2345 1069 2404 series.'’
1090 2368 1122 2404 20

138 2446 156 2497 3
174 2453 215 2508 At
234 2450 278 2508 illi
299 2457 416 2522 omnes,
429 2469 502 2512 ¹cum
525 2450 586 2508 iam
608 2469 669 2509 nox
691 2429 904 2527 processisset,
920 2449 1088 2509 vinolenti'

173 2553 212 2612 ab
224 2554 382 2613 exsulibus
395 2554 473 2613 duce
487 2552 636 2629 Pelopida
653 2563 724 2613 sunt
739 2553 904 2612 interiecti.
948 2552 1070 2626 Quibus

173 2657 264 2716 rebus
275 2658 436 2729 conlectis
450 2657 541 2734 volgo
554 2657 594 2716 ad
606 2676 690 2715 arma
701 2657 936 2732 libertatemque
948 2662 1068 2726 vocato,

173 2767 235 2819 non
251 2761 351 2819 solum
367 2768 419 2836 qui
442 2760 474 2818 in
496 2761 571 2820 urbe
587 2769 683 2832 erant,
701 2761 756 2819 sed
772 2759 865 2819 etiam
881 2757 1017 2835 undique
1032 2777 1071 2817 ex

173 2873 254 2940 agris
284 2870 512 2936 concurrerunt,
539 2861 727 2941 praesidium
753 2861 1070 2950 Lacedaemoniorum
1090 2871 1121 2926 ²5

173 2985 211 3026 ex
237 2985 306 3025 arce
332 2967 525 3043 pepulerunt,
550 2967 681 3044 patriam
704 2966 867 3026 obsidione
892 2965 1068 3038 liberarunt,

216 3130 229 3182 5
243 3117 412 3184 studuerant,
426 3119 627 3168 voluerant-8
640 3119 802 3183 seiunctum,
815 3119 938 3167 alienum.
948 3131 1013 3165 -12
1026 3117 1071 3167 ‹le-

172 3203 329 3267 aperierunt,
364 3208 572 3265 contempserunt.
585 3232 619 3240 -
633 3217 662 3264 14
701 3203 829 3267 aperiret,
866 3202 1072 3267 patefaceret.—

185 3300 209 3336 ¹0.
230 3285 381 3356 subiciens,
397 3292 546 3349 supponins.
556 3316 590 3324 -
600 3301 630 3352 23
655 3288 744 3352 volgo,
759 3287 863 3350 populo.
