2476 3712
218 217 252 266 46
484 215 767 264 EPAMINONDAS.
802 228 826 275 4,
840 227 861 280 5.

219 382 383 456 stituimus‚
400 389 530 458 querum
546 380 711 458 separatim
728 381 831 440 multis
843 381 967 440 milibus
977 401 1122 444 versuum

144 477 148 484 ’
219 486 390 562 compleres
409 491 574 562 scripteres
592 494 663 542 ante
679 491 737 542 nos
752 484 952 560 explicarunt.

183 586 206 645 5
261 589 331 648 Fuit
355 587 448 646 etiam
475 587 616 660 disertus,
643 596 677 645 ut
702 593 797 655 nemo,
819 595 848 645 ei
871 586 1042 647 Thebenus
1068 598 1123 666 per

218 702 301 752 esset
323 691 507 769 eloquentie,
531 709 631 767 neque
653 689 754 748 minus
777 690 948 748 concinnus
970 691 1002 749 in
1026 692 1122 751 brevi-

141 855 142 858 ,
218 805 281 854 tete
293 796 502 873 respondendi
520 815 611 872 quam
628 795 660 852 in
672 803 820 871 perpetue
832 793 971 874 oratione
984 801 1120 855 emetus.
1159 814 1172 867 5

183 899 340 958 2Habuit
361 900 600 959 obtrectatorem
631 897 826 956 Menecliden
854 897 1018 973 quendam,
1047 898 1123 957 indi·

218 1002 289 1060 dem
314 1003 440 1075 Thebis,
468 1012 500 1061 et
529 1001 737 1061 adversarium
761 1000 793 1058 in
817 999 1062 1060 administrandae
1091 1009 1122 1061 re

217 1105 348 1182 pirblice‚
367 1105 442 1165 satis
458 1105 658 1165 exercitatum
682 1105 714 1162 in
730 1104 871 1176 dicende,
888 1112 922 1162 ut
936 1104 1122 1163 Thebenum

218 1209 354 1268 scilicet:
378 1228 511 1286 namque
534 1209 578 1268 illi
600 1218 686 1286 genti
712 1208 781 1284 plus
801 1207 882 1266 inest
899 1206 1009 1265 virium
1029 1227 1123 1286 quam
1222 1174 1223 1240 i

183 1313 330 1390 eingeni.
377 1316 417 1386 Is,
437 1314 521 1389 quod
543 1313 574 1370 in
597 1320 629 1372 re
658 1312 781 1371 militeri
804 1312 912 1371 flerere
936 1313 1123 1386 Epaminen·
1143 1336 1173 1372 10

218 1415 289 1474 dam
311 1416 445 1489 videbat,
470 1417 584 1475 horteri
609 1416 730 1474 solebat
756 1415 925 1474 Thebenes
951 1423 985 1472 ut
1013 1423 1124 1490 pecem
1223 1449 1224 1464 r

217 1519 301 1578 belle
316 1521 512 1593 anteferrent,
528 1527 567 1578 ne
582 1519 663 1578 illius
685 1518 878 1595 impereteris
894 1536 988 1594 opera
1004 1518 1124 1578 deside

217 1630 343 1682 reretur.
397 1622 482 1682 Huic
505 1623 555 1681 ille
582 1621 734 1695 “Fallis,”
766 1621 874 1699 inquit,
893 1621 1015 1681 “verbe
1038 1629 1125 1682 cives
1224 1618 1225 1682 l

169 1787 172 1794 ,
217 1733 295 1798 tues,
322 1726 405 1802 quod
429 1726 486 1785 hos
510 1735 529 1785 e
553 1725 637 1785 belle
659 1734 790 1785 evoces:
827 1732 871 1784 eti
893 1723 974 1782 enim
998 1724 1125 1784 nemine

183 1829 395 1888 4serviti1tem
405 1829 562 1888 concilies.
601 1831 681 1888 Nam
691 1828 808 1906 paritur
818 1837 878 1905 pex
887 1827 978 1886 belle.
1011 1830 1125 1904 Itaque
1146 1853 1173 1905 15
1225 1845 1226 1852 ¹

218 1941 270 2008 qui
299 1941 336 1991 ee
365 1931 484 1991 diirtinzi
514 1932 621 1991 volunt
652 1933 719 2005 frui,
751 1932 834 1991 belle
864 1934 1023 1992 exercitati
1053 1951 1125 1992 esse

217 2036 340 2094 debent.
385 2036 489 2110 Quere
515 2045 542 2094 si
567 2035 722 2112 principes
746 2009 906 2095 ¹Graeciae
928 2035 1020 2094 voltis
1042 2054 1124 2110 esse,

182 2144 199 2194 5
217 2147 326 2197 castris
348 2148 396 2197 est
417 2139 507 2198 vebis
530 2139 685 2211 utendum,
717 2146 779 2198 nen
803 2138 988 2214 palaestre.'’
1035 2131 1141 2199 Idem¹

217 2241 268 2300 ille
285 2241 477 2301 Meneclides
498 2260 568 2301 cum
583 2241 654 2300 huic
672 2241 817 2314 obiceret,
832 2243 916 2318 quod
932 2244 1046 2304 liberes
1059 2253 1125 2304 nen

217 2344 345 2403 haberet
360 2320 460 2422 rieque
477 2352 603 2405 uxerem
620 2346 769 2420 dixissen
781 2347 974 2424 meximeque
990 2348 1125 2407 insolen-
1144 2370 1176 2406 20

217 2447 300 2520 tiam,
314 2449 397 2524 quod
409 2447 469 2507 sibi
486 2449 728 2525 Agamemnonis
741 2451 814 2510 belli
829 2450 958 2528 gleriam
969 2451 1126 2510 videretur

217 2558 421 2611 censecutos:
457 2561 488 2610 at
509 2552 560 2610 ille
585 2553 759 2626 “Desine‚”
776 2553 884 2630 inquit,
904 2561 922 2588 “
935 2555 1122 2629 Meneclida,

217 2654 256 2712 de
278 2661 371 2713 uxore
395 2653 470 2712 mihi
498 2655 703 2731 exprobrere:
727 2676 797 2715 nam
820 2658 933 2716 nullius
955 2657 986 2716 in
1010 2657 1069 2717 iste
1090 2666 1124 2717 re

217 2755 318 2816 minus
334 2766 377 2816 uti
397 2758 527 2818 consilio
546 2759 648 2818 vole.’'
695 2760 858 2839 (Habebat
873 2761 955 2821 enim
977 2761 1125 2820 Menecli-

182 2865 200 2916 6
217 2860 273 2918 des
289 2861 498 2936 suspicionem
522 2861 677 2942 adulteri.)
723 2864 843 2938 “Quod
859 2873 961 2922 autem
980 2871 1028 2923 me
1045 2867 1124 2942 Aga·
1144 2886 1156 2920 2
1161 2885 1175 2937 5

217 2982 413 3023 memnonem
446 2966 592 3025 aemuleri
618 2975 719 3040 putes,
745 2967 882 3026 falleris:
916 2985 1048 3044 namque
1072 2966 1124 3026 ille

260 3139 290 3174 12
310 3125 487 3192 anteferrent,
501 3133 687 3189 antepenerent.
696 3157 729 3166 —
738 3143 767 3194 13
780 3128 866 3194 taliis,
879 3130 1061 3192 decipis-14
1072 3130 1123 3196 oti,

219 3211 300 3272 pacis.
313 3237 346 3246 -
357 3209 387 3258 16
404 3210 520 3275 iiitini,
539 3212 756 3262 diuturno-20
774 3212 959 3278 insolentum,
972 3213 1124 3278 superbient.

219 3320 253 3330 -
263 3305 294 3359 ²3
313 3294 482 3360 exprobrem,
496 3294 594 3344 obicere.
