2476 3712
443 218 658 267 MILTIADES.
696 232 717 276 2,
729 231 752 282 3.
1028 219 1044 269 3

145 387 391 462 adversaribrum
414 394 504 462 capti,
517 384 663 444 resistere
687 394 754 444 ausi
774 393 836 444 nbn
858 395 930 444 sunt
951 396 1044 463 atque

145 512 184 551 ex
199 492 300 550 insula
315 489 533 567 demigrarunt.
580 490 650 546 Pari
665 487 812 547 felicitate
829 495 947 548 ceteris
964 498 1044 548 insu·

145 595 200 668 las,
223 613 302 670 quae
326 593 478 676 Cyclades
501 590 706 665 numinantur‚
728 592 786 650 sub
807 591 1043 651 Atheniensium

145 696 264 775 redegit
278 704 473 774 potestatem.

108 806 132 866 3
187 801 304 860 Iisdem
326 798 515 874 temporibus
537 800 698 856 Persarum
713 804 766 856 rex
781 799 902 857 Dareus
918 817 955 857 ex
967 796 1044 859 Asia
1080 818 1093 871 5

145 906 177 965 in
195 907 349 980 Eurdpam
364 903 498 962 exercitii
514 890 644 962 traiectu
661 901 783 979 Scythis
800 901 914 961 bellum
931 903 1042 962 inferre

144 1008 290 1069 decrevit.
322 1011 452 1068 Pdntem
463 1007 537 1066 fecit
552 1007 584 1065 in
596 1007 706 1066 Histri)
717 1005 851 1079 flumine,
862 1014 923 1082 qua
936 1008 1042 1084 eripias

144 1113 340 1172 traduceret.¹
363 1096 437 1171 Eius
452 1111 565 1188 pimus,
579 1113 652 1171 dum
667 1111 734 1188 ipse
750 1112 882 1185 abesset,
896 1113 1041 1172 custbdes

144 1217 268 1294 reliquit
289 1217 446 1294 principes
469 1225 546 1294 quus
569 1225 673 1276 secum
696 1237 734 1276 ex
753 1217 843 1277 Iunia
862 1227 893 1276 et
912 1197 1041 1277 Aeolide

144 1323 292 1381 duxerat:
316 1321 427 1398 quibus
451 1321 581 1398 singulis
604 1312 727 1382 suarum
750 1322 871 1382 urbium
893 1332 1042 1399 perpetua
1062 1341 1092 1376 ιο

110 1425 274 1484 2dederat
303 1425 439 1502 imperia.
495 1426 545 1484 Sic
575 1425 657 1484 enim
685 1425 831 1485 facillime
860 1426 979 1502 putaivit
1008 1432 1041 1484 se

144 1530 266 1587 Graeca
285 1507 389 1605 lingua
406 1528 578 1605 loquentes,
595 1537 649 1605 qui
664 1528 772 1587 Asiam
787 1527 966 1602 incolerent,
983 1529 1041 1588 sub

145 1640 201 1691 suri
230 1639 420 1691 retenturum
448 1640 611 1708 potestate,
643 1641 669 1690 si
698 1641 804 1690 amicis
834 1640 898 1692 suis
927 1632 1042 1708 oppida

144 1736 262 1794 tuenda
283 1733 472 1808 tradidisset,
495 1734 607 1811 quibus
634 1742 667 1794 se
692 1741 842 1813 oppresse
864 1735 956 1794 milla·
970 1742 1041 1812 spes

144 1836 253 1898 salutis
282 1837 513 1914 relinqueretur.
538 1839 543 1850 '
574 1840 612 1896 In
641 1837 701 1898 hbe
733 1837 791 1897 tuit
819 1847 884 1898 tum
914 1846 1091 1910 numer615

108 1940 306 2000 3Miltiades
332 1940 382 2000 cui
406 1940 461 2000 illa
486 1941 628 2002 custodia
655 1942 837 2002 crederetur.
884 1944 947 2001 Hic
972 1961 1041 2002 cum

144 2045 243 2104 crebri
272 2043 430 2104 adferrent
457 2045 557 2103 nuntii
583 2045 661 2103 male
683 2064 746 2104 rem
774 2063 880 2122 gerere
906 2048 1042 2105 Dareum

143 2156 303 2224 premique
326 2155 344 2206 i
368 2147 499 2226 Scythis,
524 2147 683 2207 Miltiades
704 2148 845 2208 hortatus
867 2158 915 2208 est
937 2149 1041 2225 pbntis

143 2252 291 2311 custbdes
305 2257 345 2310 ne
360 2259 379 2310 ῑι
393 2251 515 2310 furtunri
530 2252 636 2310 datam
651 2250 846 2310 occasibnem
862 2253 1040 2316 liberandae

108 2361 127 2412 4
144 2354 295 2414 Graeciae
317 2353 514 2414 dimitterent.
560 2357 640 2413 Nam
656 2363 682 2413 si
700 2374 770 2413 cum
788 2344 825 2414 iis
843 2355 942 2432 cripiis
964 2364 1041 2432 quas
1060 2376 1092 2413 20

144 2465 248 2518 secum
271 2465 494 2533 transportarat
514 2456 681 2517 interiisset
705 2459 833 2531 Dareus,
857 2466 918 2518 utin
943 2460 1041 2518 selum

145 2563 300 2638 Europam
328 2561 394 2620 fore
424 2569 531 2634 tritam,
559 2562 623 2620 sed'
647 2560 739 2621 etiam
768 2569 823 2620 etis
852 2571 905 2639 qui
934 2562 1041 2621 Asiam
1121 2586 1125 2592 ·

144 2664 316 2724 incolerent
327 2665 440 2723 Graeci
454 2682 567 2740 genere
583 2663 696 2724 libertis
711 2673 729 2724 i
746 2667 906 2725 Persarum
920 2665 1040 2725 iuturus

143 2767 355 2827 dominatibne
370 2776 402 2826 et
418 2767 562 2844 periculi).
602 2767 640 2826 Id
662 2776 693 2826 et
715 2768 806 2826 facile
829 2769 907 2827 effici
929 2787 1039 2845 posse:

122 2853 238 2947 ‘pdnte
264 2870 347 2930 enim
369 2870 502 2929 rescissi)
526 2877 630 2947 regem
653 2870 701 2929 vel
725 2871 861 2930 hostiurn
886 2872 968 2932 ferni
992 2872 1040 2931 vel
1059 2891 1090 2944 ²5

110 2977 126 3027 5
144 2972 250 3051 inopia
264 2982 371 3050 paucis
387 2973 496 3033 diebus
512 2972 712 3032 interiturum.
744 2975 794 3033 Ad
806 2975 865 3033 huic
878 2974 1040 3033 consilium

186 3141 199 3175 2
217 3126 413 3190 dfimigrt'trunt,
429 3127 601 3174 discesserunt.
611 3127 723 3192 -pari,
736 3128 824 3176 simili.
834 3127 988 3192 -cfitert'ts,
1006 3145 1041 3178 re-

143 3209 236 3273 liquds.
245 3236 279 3245 —
289 3208 305 3257 6
323 3208 445 3273 narsete,
464 3209 627 3256 traducta—
639 3221 666 3271 17
689 3209 783 3274 crebri,
800 3210 956 3273 frequentis.
967 3237 1000 3246 -
1009 3223 1037 3258 21

144 3291 304 3357 interiisset,
317 3291 442 3353 periisset.
