2476 3712
213 213 249 264 40
485 213 718 262 ALCIBIADES.
756 227 793 272 10,
809 227 846 262 11.

215 399 320 439 casam
334 380 366 438 in
386 388 447 456 quai
470 379 658 456 quiescebat,
676 399 805 456 eamque
827 382 1065 455 succenderunt,
1084 392 1120 442 ut

215 483 361 542 incendio
390 483 578 542 conficerent
611 502 703 560 quem
733 493 825 542 manu
854 492 991 560 superari
1019 504 1119 561 posse

181 593 198 643 5
215 586 408 646 diffidebant.
453 585 510 645 Ille
526 595 629 644 autem
644 595 678 645 ut
696 586 798 645 sonitu
815 586 957 645 flammae
972 597 1020 646 est
1036 589 1119 648 exci-

214 697 307 761 tatus,
324 698 383 748 etsi
404 689 526 766 gladius
549 699 577 748 ei
599 698 664 769 erat
686 689 866 762 subductus
881 689 1043 749 familiaris
1067 701 1118 750 sui

215 791 357 851 subalare
372 792 467 850 telum
482 791 603 868 eripuit.
649 794 791 867 Namque
815 801 879 850 erat
902 811 971 878 cum
991 800 1029 852 eo
1051 803 1118 870 qui·
1156 811 1170 864 5

114 931 116 934 -
215 895 286 954 dam
312 914 349 954 ex
372 894 507 954 Arcadii
532 895 655 971 hospes,
681 904 734 970 qui
759 914 926 971 numquam
952 896 1118 956 discedere
1221 961 1222 982 χ

214 998 361 1057 voluerat.
407 1000 503 1057 Hunc
518 1007 606 1074 sequi
624 1005 657 1056 se
676 998 760 1057 iubet
780 1008 811 1057 et
831 998 863 1057 id
884 1000 966 1075 quod
981 999 1012 1057 in
1028 1019 1118 1076 prae
1221 1037 1222 1074 4

215 1102 315 1161 sentia
331 1109 585 1161 vestimentorum
609 1101 668 1160 fuit
692 1101 812 1178 adripit.
869 1103 928 1160 His
954 1102 985 1160 in
1010 1111 1117 1179 ignem
1221 1099 1222 1118 ³

181 1205 363 1264 ssconiectis
385 1205 526 1263 flammae
548 1204 610 1263 vim
631 1204 762 1263 transiit.
811 1205 912 1278 Quem
934 1214 968 1263 ut
989 1205 1117 1265 barbari

152 1339 154 1344 ·
216 1307 391 1368 incendium
419 1306 565 1385 effugisse
592 1308 743 1380 viderunt,
769 1308 838 1366 telis
865 1307 983 1367 eminus
1009 1317 1116 1370 missis
1137 1334 1168 1370 10
1222 1349 1223 1352 =

215 1411 436 1497 interfecerunt
454 1420 608 1487 caputque
626 1410 692 1470 eius
711 1411 750 1469 ad
769 1411 1002 1470 Pharnabazum
1021 1421 1117 1472 rettu-

134 1577 142 1588 ‚
215 1515 324 1575 lerunt.
370 1517 412 1573 At
433 1514 550 1586 mulier,
569 1532 648 1588 quae
669 1533 738 1574 cum
758 1521 796 1573 eo
815 1523 916 1573 vivere
937 1522 1113 1589 consuerat,

215 1618 355 1676 muliebri
373 1626 429 1676 sui
444 1626 531 1676 veste
549 1624 723 1675 contectum
740 1616 861 1675 aedifici
875 1617 1021 1677 incendio
1037 1637 1115 1677 mor·
1178 1603 1180 1606 ¹

215 1730 302 1779 tuum
322 1719 477 1793 cremavit,
500 1720 584 1795 quod
606 1720 646 1778 ad
668 1729 770 1778 vivum
792 1719 1028 1779 interimendum
1049 1732 1116 1781 erat

215 1831 432 1899 comparatum.
483 1823 534 1881 Sic
556 1821 735 1881 Alcibiades
764 1828 863 1881 annos
892 1820 1013 1881 circiter
1042 1843 1164 1901 qua-15

215 1926 357 2003 dreginti
373 1935 465 1985 nitus
481 1925 563 1984 diem
578 1925 655 1988 obiit
670 1932 854 2000 supremum.

166 2031 212 2090 11
255 2031 351 2088 Hunc
370 2029 552 2087 infimatum
569 2037 587 2087 a
603 2028 757 2104 plerisque
783 2035 846 2088 tres
867 2027 1043 2105 gravissimi
1070 2030 1114 2088 hi-

216 2132 321 2192 storici
331 2141 458 2190 summis
469 2131 613 2191 laudibus
626 2131 819 2190 extulerunt:
838 2131 1045 2208 Thucydides
1060 2131 1113 2208 qui

216 2235 354 2295 eiusdem
376 2234 487 2294 aetatis
510 2233 577 2307 fuit,
602 2233 833 2310 Theopompus,
858 2244 930 2310 post
953 2234 1113 2309 aliquanto

118 2414 121 2420 Ι
215 2348 316 2412 natus
328 2348 359 2397 et
370 2339 517 2396 Timaeus
530 2361 535 2396 :
558 2345 610 2413 qui
622 2336 746 2412 quidem
756 2337 818 2395 duo
829 2336 1112 2396 maledicentissimi
1132 2365 1162 2398 20

216 2442 321 2502 nescio
337 2441 508 2519 quomodo
525 2440 555 2498 in
576 2440 629 2499 illo
648 2447 709 2498 imo
727 2439 883 2498 laudando
901 2440 1110 2500 consentiunt.

181 2560 199 2611 2
216 2547 359 2620 Namque
376 2563 413 2602 ea
435 2563 514 2620 quae
531 2525 625 2618 supra
648 2542 836 2618 scripsimus
849 2542 888 2600 de
904 2549 941 2602 eo
956 2543 1111 2619 praedici-

181 2651 287 2707 ?›runt
308 2657 401 2723 atque
424 2648 484 2706 hoc
507 2645 657 2722 amplius:
681 2664 750 2703 cum
769 2646 910 2717 Athenis,
930 2646 1110 2721 splendidis-

215 2751 293 2810 sima
322 2750 453 2822 civitate,
485 2759 576 2808 natus
613 2758 705 2822 esset,
737 2756 843 2807 omnes
877 2749 1042 2824 splendore
1075 2759 1110 2809 aie

215 2853 365 2931 dignitate
381 2862 545 2929 superasse
561 2861 662 2923 vitae;
683 2862 846 2928 postquam
869 2851 942 2909 inde
965 2853 1109 2927 expulsus
1129 2877 1159 2928 25

214 2958 341 3016 Thebas
365 2955 492 3027 venerit,
518 2956 596 3014 adeo
619 2955 729 3014 studiis
755 2962 860 3013 eorum
884 2962 1049 3014 inservisse
1077 2965 1110 3015 ut

258 3131 287 3166 12
312 3117 462 3180 consuerat,
480 3115 660 3177 solibus-13
683 3115 769 3178 veste,
788 3115 983 3175 amicula-17
1011 3114 1110 3179 gravia-

214 3200 289 3266 simi,
302 3201 495 3248 maximi-21
513 3197 694 3261 consentiunt,
707 3197 938 3258 conspirant-26
954 3197 1108 3265 inservisse,

213 3289 240 3334 εἰ
250 3284 349 3333 dedisse.
