2476 3712
573 857 754 942 cinon.
787 845 790 851 ·
823 847 824 852 l
869 961 872 966 ¹

176 1093 198 1152 1
232 1085 378 1160 'Crmum
400 1086 551 1147 Miltiadis
566 1086 659 1159 filius,
682 1086 892 1160 Atheniensis,
909 1087 986 1146 duru
1010 1087 1114 1146 admc

214 1193 286 1251 dum
303 1191 390 1253 initiu
406 1201 480 1250 usus
496 1200 544 1249 est
560 1189 799 1252 adulescentiae.
845 1192 926 1248 Nam
941 1209 1011 1248 cum
1026 1200 1116 1267 pater

215 1296 280 1355 eius
296 1295 380 1353 litem
396 1294 591 1353 aestimetam
606 1294 722 1371 populu
740 1293 858 1352 solvere
879 1301 942 1352 nun
962 1291 1117 1369 potuisset

157 1377 160 1382 ¹
215 1399 255 1458 ob
271 1416 400 1474 eamque
424 1416 549 1456 causam
570 1396 602 1454 in
622 1396 733 1455 vinclis
759 1395 890 1472 publicis
917 1395 1115 1469 decessisset,
1219 1473 1220 1484 ἵ

217 1502 328 1562 Cimun
357 1502 467 1560 eedem
497 1500 639 1560 custudire
670 1500 833 1559 tenebutur
863 1517 963 1576 neque
995 1498 1118 1576 legibus
1157 1519 1173 1572 5
1219 1485 1220 1556 l

216 1604 452 1664 Atheniensium
483 1603 580 1663 emitti
609 1612 739 1679 poterat,
770 1601 831 1661 nisi
862 1601 1024 1679 pecuniam
1054 1610 1119 1678 que
1219 1609 1220 1676 l

182 1717 304 1784 2pater
325 1708 472 1767 multetus
495 1717 568 1780 erat,
588 1705 741 1766 solvisset.
788 1705 937 1765 Habebat
959 1715 1062 1764 autem
1084 1704 1119 1763 in

218 1811 414 1872 matrimuniu
429 1818 565 1872 sorerem
579 1819 758 1888 germanam
779 1829 874 1883 suam,
891 1808 1015 1869 numine
1036 1808 1121 1885 Elpi·
1171 1787 1175 1794 ⁸
1219 1885 1220 1890 η

218 1922 318 1986 nicen,
335 1922 404 1974 nunv
413 1913 511 1990 magis
527 1921 630 1973 amure
653 1933 746 1991 quam
768 1921 852 1973 mure
875 1903 1006 1972 ductus:
1035 1931 1121 1970 nam·
1219 1917 1220 2000 l

219 2037 278 2095 que
295 2017 539 2077 Atheniensibus
553 2015 626 2076 licet
649 2017 760 2077 eudem
783 2026 870 2094 patre
894 2024 983 2076 nutes
1007 2022 1121 2075 uxeres
1144 2039 1176 2074 10
1219 2027 1220 2050 ³

184 2123 339 2185 3ducere.
394 2120 496 2180 Huius
523 2120 647 2198 coniugi
676 2120 807 2197 cupidus
838 2119 953 2179 Callias
982 2119 1120 2195 quidam,

220 2233 282 2285 nun
305 2234 368 2284 tam
393 2231 562 2302 generusus
589 2243 681 2301 quam
704 2223 900 2300 pecuniusus‚
918 2231 970 2298 qui
990 2229 1123 2298 mugnus

219 2328 368 2405 pecunius
390 2346 428 2386 ex
449 2322 582 2386 metallis
604 2328 729 2399 fecerat,
747 2326 808 2404 egit
835 2345 903 2384 cum
931 2324 1060 2384 Cimune
1086 2334 1124 2383 ut

220 2450 289 2490 eam
311 2430 370 2490 sibi
392 2438 516 2490 uxerem
540 2432 648 2489 daret:
680 2429 712 2488 id
738 2438 764 2488 si
784 2429 987 2504 impetresset,
1005 2434 1038 2486 se
1064 2434 1124 2504 pru
1219 2439 1220 2508 l

187 2535 274 2595 lille
296 2533 459 2611 pecuniam
482 2534 659 2594 soluturum.
690 2535 737 2613 'Is
760 2551 829 2590 cum
849 2532 943 2590 telem
967 2529 1125 2590 condicit}
1147 2539 1178 2591 15

120 2621 122 2624 ¹
222 2657 293 2696 nem
322 2645 547 2715 aspernaretur,
576 2636 715 2713 Elpinice
744 2635 868 2712 negevit
899 2641 932 2693 se
961 2643 1125 2710 passuram
1219 2627 1220 2692 l

223 2740 376 2801 Miltiadis
393 2740 572 2819 prugeniem
588 2739 619 2797 in
631 2738 741 2798 vinclis
757 2737 888 2815 publicis
903 2737 1036 2809 interire,
1050 2756 1128 2812 quo-

223 2844 306 2903 niam
328 2845 490 2921 prohibere
512 2852 628 2920 posset,
650 2850 744 2918 seque
768 2841 885 2901 Calliae
908 2849 1080 2918 nupturam,
1098 2849 1128 2898 si

223 2967 260 3007 ea
276 2966 355 3024 quae
370 2947 565 3026 polliceretur
580 2945 794 3023 praestitisset.

265 3154 282 3201 4
299 3140 469 3206 decessisset,
494 3147 611 3188 mortuus
633 3147 786 3188 esset-12
806 3139 960 3202 generusus,
985 3136 1130 3184 nubilis.—

224 3224 396 3290 pecuniosus,
409 3225 485 3271 dives.
494 3251 528 3258 —
540 3233 569 3282 14
587 3223 772 3286 metuisset,
783 3221 888 3282 adeptus
899 3227 967 3268 esset.
975 3247 1009 3255 -
1018 3232 1046 3281 17
1065 3219 1132 3284 pru-

226 3308 341 3373 geniem,
352 3309 457 3371 julum.
