2476 3712
440 216 675 266 ALCIBIADES.
710 230 734 277 4,
749 228 771 282 5.
1022 216 1055 268 33

155 381 268 443 simum
275 392 363 442 ratus
375 383 603 460 impendentem
617 384 731 443 evitare
743 393 966 462 tempestatem,
978 385 1055 443 clam

155 494 190 546 se
212 486 252 546 ab
270 486 450 546 cirstedibus
468 486 613 546 subdixit
633 496 663 546 et
683 487 756 547 inde
776 496 906 564 primum
927 479 1054 560 Elidem,

120 589 229 649 5dein
259 580 388 649 Thebas
414 589 506 650 venit.
555 591 723 666 Postquam
752 601 854 650 autem
883 598 917 650 se
946 591 1056 666 capitis

156 693 337 752 damnatum
355 693 445 752 bonis
463 692 627 769 publicetis
649 693 772 766 audivit,
790 703 828 766 et,
846 693 877 753 id
897 694 981 770 quod
1001 703 1056 752 irsii

156 803 293 869 venerat,
305 795 503 873 Eumolpidas
519 797 697 856 sacerdtites
712 805 730 856 a
745 797 860 873 popule
879 805 1003 857 coectes
1023 806 1056 855 ut
1090 811 1103 864 5

157 907 191 959 se
207 882 403 972 devoverent,
417 899 546 977 eiusque
561 899 735 960 devetienis
747 908 809 977 que
821 900 960 960 testatior
974 909 1057 959 esset

157 1003 314 1076 memoria,
341 1003 514 1079 exemplum
539 1003 572 1061 in
595 1004 659 1079 pile
684 1003 807 1080 lapidee
831 1003 961 1062 incisum
988 1022 1056 1062 esse

157 1105 292 1182 positum
329 1105 361 1165 in
396 1106 529 1182 publice,
563 1106 829 1165 Lacedaemonem
866 1105 1055 1182 demigravit.

121 1209 217 1282 albi,
248 1219 282 1268 ut
310 1209 378 1286 ipse
406 1209 585 1286 praedicere
614 1216 786 1281 censuerat,
805 1216 879 1276 ,nen
910 1205 1057 1269 adversus

157 1311 298 1389 patriam,
312 1312 369 1371 sed
381 1311 521 1372 inimices
534 1319 607 1372 sues
619 1312 734 1372 bellum
749 1312 852 1389 gessit,
866 1313 950 1388 quod
964 1311 1056 1372 iidem
1078 1333 1105 1368 10

157 1416 265 1475 hostes
291 1425 396 1476 essent
420 1415 556 1500 civitati:
588 1434 658 1474 nam
684 1434 753 1474 curn
783 1416 995 1492 intellegerent
1024 1422 1058 1474 se

158 1518 321 1597 plurimum
336 1519 485 1596 predesse
500 1537 594 1595 posse
610 1527 654 1578 rei
669 1518 819 1594 publicae,
831 1538 869 1577 ex
880 1527 918 1578 ea
930 1517 1058 1578 eiecisse

158 1623 289 1699 pisisque
305 1631 368 1681 irae
384 1640 458 1680 suae
474 1640 565 1698 quam
586 1621 708 1681 utilititi
731 1631 885 1681 communi
908 1622 1057 1698 paruisse.

49 1788 51 1793 ,
123 1732 141 1784 7
161 1729 270 1802 ltaque
285 1726 376 1786 huius
391 1724 522 1785 censilie
539 1725 779 1785 Lacedaemonii
793 1745 862 1784 cum
879 1728 972 1784 Perse
987 1733 1058 1802 rege

159 1828 325 1889 amicitiam
340 1830 488 1901 fecerunt,
506 1828 578 1888 dein
595 1829 761 1888 Deceleam
776 1828 807 1886 in
824 1828 928 1887 Attica
946 1828 1058 1887 mimie-
1080 1851 1108 1903 15

158 1943 231 1993 runt
245 1932 463 2010 praesidiisque
482 1932 525 1991 ibi
547 1939 697 2008 perpetue
718 1931 820 2008 posite
842 1931 874 1989 in
896 1931 1058 1991 obsidiene

159 2039 301 2099 Athenas
316 2045 488 2098 tenuerunt.
533 2030 681 2096 Eiusdem
692 2045 786 2112 opera
803 2035 922 2094 leniam
935 2036 1059 2118 asocie-

159 2151 223 2202 tite
252 2149 430 2201 averterunt
459 2140 703 2200 Atheniensium.
749 2139 820 2213 Que
849 2139 934 2198 facte
963 2140 1059 2198 multe

137 2317 141 2324 Ι
159 2244 334 2323 superieres
349 2245 430 2304 belle
445 2263 514 2303 esse
530 2251 706 2320 coeperunt.

117 2344 142 2404 5
202 2349 313 2426 Neque
331 2355 405 2408 vere
425 2348 474 2406 his
497 2347 589 2406 rebus
614 2356 676 2405 tarn
703 2355 793 2405 amici
811 2345 965 2421 Alcibiadi
989 2356 1060 2405 sunt
1079 2370 1109 2404 20

158 2453 235 2511 facti
250 2471 342 2528 quam
357 2450 465 2511 timere
482 2451 521 2509 ab
534 2451 574 2510 'ee
590 2449 724 2509 alieneti.
771 2451 851 2507 Nam
867 2467 936 2508 cum
952 2449 1059 2508 acerri-

158 2563 201 2614 mi
221 2554 278 2613 viri
299 2543 509 2632 praestantem
531 2553 725 2630 prudentiam
749 2551 780 2610 in
802 2551 945 2611 omnibus
967 2552 1059 2611 rebus

158 2665 392 2738 cegnescerent,
402 2657 624 2736 pertimuerunt
635 2664 673 2715 ne
683 2657 811 2715 caritate
821 2655 938 2732 patriae
948 2656 1059 2715 ductus

158 2762 327 2840 aliquande
343 2761 473 2838 ab'ipsis
488 2761 674 2820 descisceret
689 2769 719 2820 et
735 2779 804 2818 cum
816 2767 879 2818 suis
889 2759 921 2816 in
930 2759 1059 2835 gretiam

158 2866 281 2926 rediret.
327 2866 437 2942 Itaque
452 2874 574 2941 tempus
596 2863 662 2922 eius
685 2862 889 2922 interficiendi
912 2881 1058 2939 quaerere
1078 2882 1108 2936 ²5

122 2969 366 3052 2instituerunt
425 2967 463 3027 Id
498 2966 678 3026 Alcibiades
714 2965 828 3025 diutius
866 2966 958 3025 celari
995 2973 1058 3026 nen

201 3178 232 3214 22
245 3162 426 3231 prementium,
435 3162 605 3226 sagacitatem.
613 3187 647 3197 —
655 3174 668 3209 2
671 3173 686 3229 3
699 3159 823 3225 sentite,
831 3165 961 3210 amira-
970 3172 1002 3224 24
1014 3159 1059 3215 de·

157 3247 294 3314 muneret,
307 3245 426 3314 deficeret.
