2564 3716
490 204 697 252 HANNIBAL.
735 217 772 253 11.
1047 203 1078 257 75

134 370 253 431 tlTalr
268 369 481 430 cohortetiene
503 369 633 429 militum
655 371 741 429 facte
763 370 871 429 classis
888 371 927 429 ab
943 380 1079 446 utrisque

183 473 214 531 in
244 473 394 550 proelium
420 472 591 532 deducitur.
647 472 784 546 Quarum
811 473 877 533 acie
903 473 1078 546 censtittite,

182 575 363 653 priusquam
391 585 513 652 signum
539 584 661 652 pugnae
688 575 821 648 daretur,
851 575 1020 648 Hannibal,
1049 585 1081 635 ut

183 679 285 756 palam
303 679 419 737 faceret
437 688 501 738 suis
520 686 582 755 que
600 678 669 738 loce
690 679 845 737 Eumenes
870 683 962 751 esset,
987 679 1081 739 tabel-

149 781 292 843 2lerium
310 781 341 839 in
361 782 478 858 scapha
497 800 567 840 cum
587 782 725 841 caducee
742 781 844 841 mittit.
890 781 951 855 Qui
969 781 1023 840 ubi
1041 782 1080 840 ad
1100 798 1113 850 5

184 892 279 945 neves
303 884 546 945 adverserierum
569 884 711 961 pervenit
734 884 958 961 epistulamque
981 894 1081 944 osten-

184 989 262 1048 dens
288 995 321 1047 se
347 995 450 1065 regem
476 987 636 1064 professus
660 996 708 1046 est
732 1006 886 1064 quaerere,
912 987 1016 1046 statim
1041 989 1081 1046 ad

186 1092 354 1150 Eumenem
369 1092 521 1150 deductus
542 1100 598 1163 est,
616 1091 699 1167 quod
714 1097 806 1151 neme
821 1089 985 1149 dubitabat
1006 1099 1080 1167 quin

185 1193 302 1270 aliquid
320 1195 359 1253 de
377 1202 455 1270 pace
473 1203 557 1253 esset
576 1203 732 1270 scriptum.
778 1193 980 1268 Tabellerius,
993 1193 1081 1253 ducis

150 1399 310 1477 srecepit.
363 1403 405 1458 At
430 1401 584 1459 Eumenes
608 1399 708 1459 solute
732 1399 865 1477 epistule
888 1400 964 1459 nihil
988 1400 1020 1458 in
1044 1410 1081 1460 ee

185 1503 320 1580 repperit
337 1502 397 1562 nisi
416 1522 495 1579 quae
514 1503 554 1562 ad
573 1502 770 1562 inridendum
790 1522 860 1562 eum
881 1503 1079 1581 pertinerent.

186 1606 283 1666 Cuius
302 1614 362 1665 etsi
381 1625 507 1665 causam
527 1607 697 1666 mirebetur
716 1624 817 1683 neque
838 1607 1018 1683 reperiebat,
1040 1617 1082 1666 ta-

186 1728 255 1768 men
285 1708 436 1786 proelium
468 1709 573 1769 statim
606 1709 797 1768 committere
826 1717 889 1769 nen
919 1709 1081 1769 dubitevit.

150 1823 169 1872 4
188 1814 309 1872 Herum
327 1812 359 1870 in
377 1821 529 1871 concursu
550 1811 686 1891 Bithynii
708 1812 897 1871 Hannibalis
916 1821 1082 1889 praecepte
1103 1829 1132 1882 15

186 1915 322 1975 irniversi
339 1924 450 1976 navem
470 1915 617 1974 Eumenis
635 1914 824 1974 adoriuntur.
869 1916 1007 1990 Querum
1022 1916 1084 1975 vim

186 2025 239 2078 rex
261 2037 330 2078 cum
353 2016 505 2078 sustinere
523 2025 585 2078 nen
606 2026 721 2094 posset,
737 2019 812 2095 fuge
835 2019 964 2078 saltitem
986 2019 1083 2095 petit;

187 2139 279 2198 quam
294 2129 481 2181 censecutos
497 2127 559 2180 neu
578 2130 670 2194 esset,
687 2119 747 2180 nisi
762 2120 842 2180 intre
858 2140 914 2180 sua
929 2121 1084 2198 praesidia

187 2230 221 2283 se
232 2223 410 2302 recepisset,
422 2243 502 2301 quae
514 2223 545 2282 in
558 2223 697 2300 proxime
712 2224 800 2283 litore
812 2233 899 2283 erant
911 2225 1082 2284 conloceta.

151 2341 170 2392 5
188 2326 339 2405 Reliquae
356 2329 563 2404 Pergamenae
578 2334 675 2386 neves
685 2346 754 2386 cum
767 2326 959 2387 adversaries
970 2347 1085 2405 preme·
1104 2346 1135 2379 20

187 2440 256 2490 rent
277 2430 387 2502 ecrius,
404 2439 532 2506 repente
555 2429 587 2488 in
609 2439 663 2489 ees
685 2437 759 2490 vesa
781 2429 901 2503 fictilia,
916 2431 954 2490 de
973 2430 1085 2508 quibus

187 2542 281 2610 supra
292 2533 482 2592 mentienenr
493 2532 633 2605 fecimus,
647 2533 746 2592 conici
759 2544 869 2610 coepta
882 2544 962 2593 sunt.
997 2534 1085 2608 Quae

188 2637 270 2696 iacta
295 2635 384 2696 initie
409 2645 504 2696 risum
529 2635 739 2714 pegnantibus
763 2635 959 2696 concitarunt
985 2656 1085 2713 neque

152 2747 283 2816 equare
303 2739 335 2798 id
355 2740 442 2798 fieret
462 2748 583 2816 poterat
604 2739 750 2816 intellegi.
796 2742 965 2816 Postquam
984 2750 1086 2798 autern

187 2850 282 2903 neves
298 2851 372 2902 sues
384 2843 525 2920 oppletes
541 2849 769 2919 censpexerunt
784 2843 991 2919 serpentibus,
1005 2851 1085 2903 nove
1104 2859 1135 2910 25

188 2953 219 3005 re
244 2944 407 3023 perterriti,
435 2963 505 3004 cum
536 2945 610 3021 quid
639 2945 833 3021 potissimum
858 2954 992 3005 vitarent
1024 2953 1084 3004 nen

230 3111 261 3147 ro
288 3097 436 3162 declirriti,
464 3098 585 3146 indicata.
600 3126 633 3133 -
648 3111 679 3160 19
709 3099 738 3148 se
769 3096 924 3163 recepisset,
956 3098 1070 3147 rediisset
1075 3114 1087 3156 ;
1110 3103 1113 3112 ⁴

187 3184 264 3233 eraut
293 3182 442 3246 conlocita,
466 3187 543 3229 erant
566 3183 700 3243 posita-
713 3194 741 3229 21
770 3181 888 3246 repente,
916 3182 1044 3231 subita—
1057 3195 1087 3248 ²3

186 3264 365 3330 coaeterum,
382 3269 522 3314 mevirunt.
