2564 3716
488 842 755 924 HANNIBAL.

135 1087 156 1145 1
215 1096 404 1165 Hnnmmr,
441 1092 629 1151 Hamilcaris
663 1092 756 1164 nlius,
789 1091 1067 1168 Karthaginiensis

173 1199 205 1257 Si
227 1205 330 1256 verum
353 1207 409 1270 est,
427 1178 511 1272 quod
534 1203 624 1255 nemo
647 1195 777 1264 dubitat,
799 1205 832 1252 ut
854 1195 986 1270 populus
1010 1197 1069 1253 Ro

145 1367 146 1370 Ἴ
172 1310 281 1359 manus
303 1307 411 1358 omnes
433 1307 542 1376 gentes
563 1299 674 1357 virtute
696 1298 854 1374 superarit,
873 1305 934 1356 non
958 1308 1005 1356 est
1028 1306 1070 1355 in·
1173 1291 1178 1296 ’

171 1404 333 1462 fitiandum
364 1391 575 1461 Hannibalem
607 1409 694 1461 tante
727 1401 917 1477 praestitisse
950 1409 1069 1478 ceteros

172 1507 372 1582 imperatores
402 1505 574 1582 prudentie,
603 1512 720 1581 quanto
750 1505 882 1580 populus
910 1507 1069 1563 Romanus
1106 1529 1120 1581 5

138 1623 154 1673 2
173 1609 336 1668 antecedat
353 1608 534 1667 fortitudine
555 1617 683 1694 cunctas
705 1609 856 1666 netienes
903 1609 981 1665 Nam
999 1626 1070 1683 quo-

172 1712 385 1787 tienscumque
407 1731 476 1770 cum
497 1719 534 1770 ee
555 1730 739 1788 congressus
760 1721 807 1769 est
829 1711 859 1768 in
880 1697 976 1783 italie,
994 1730 1070 1769 sem-

173 1835 227 1891 per
256 1815 400 1873 discessit
430 1814 577 1890 superior.
633 1815 726 1888 Quod
756 1814 815 1872 nisi
846 1815 929 1872 domi
958 1813 1069 1872 civium

68 1966 71 1978 ,
173 1926 296 1977 suorum
319 1918 434 1977 invidie
456 1917 634 1977 debilitatus
656 1927 755 1989 esset‚·
769 1920 928 1976 Romanes
950 1917 1071 1976 videtur

173 2030 315 2097 superare
340 2021 487 2096 potuisse.
534 2021 595 2080 Sed
621 2021 785 2079 multorum
811 2019 995 2079 obtrectetie
1021 2021 1071 2078 de·
1091 2046 1121 2080 10

172 2125 245 2182 vicit
261 2133 350 2182 unius
366 2123 517 2182 virtutem.

138 2231 155 2280 3
216 2229 278 2286 Hic
294 2237 395 2285 autem
411 2227 496 2285 velut
510 2227 681 2286 hereditate
697 2227 836 2285 relictum
853 2227 957 2285 odium
973 2235 1070 2302 pater-

173 2349 245 2387 num
258 2339 330 2407 erge
344 2333 505 2389 Romenes
522 2340 566 2388 sic
579 2329 772 2389 censervavit
789 2339 821 2388 ut
837 2329 921 2404 prius
938 2329 1070 2387 animam

173 2453 264 2510 qnam
280 2433 312 2492 id
328 2433 515 2508 deposuerit,
532 2443 585 2509 qui
606 2433 739 2509 quidem,
757 2452 826 2490 cum
846 2432 944 2508 patrie
965 2433 1071 2508 pulsus

173 2547 256 2596 esset
272 2546 302 2594 et
318 2536 485 2594 alienarum
507 2556 599 2611 opum
621 2535 780 2611 indigeret,
798 2555 964 2612 numquam
981 2535 1071 2593 desti·
1092 2559 1121 2611 15

137 2633 159 2692 2
173 2639 243 2698 terit
256 2639 358 2698 anime
371 2638 486 2697 bellare
499 2658 573 2696 cum·
583 2642 741 2697 Remenis.
787 2641 816 2696 N
819 2658 867 2695 am
884 2649 917 2698 ut
932 2638 1070 2697 omittam

97 2747 99 2750 '
174 2741 359 2816 Philippum,
376 2761 466 2816 quem
487 2743 600 2799 absens
620 2742 739 2799 hostem
758 2741 893 2799 reddidit
913 2744 1069 2813 Remenis

173 2844 308 2902 omnium
324 2845 361 2902 iis
377 2844 568 2919 temporibus
584 2843 817 2920 potentissimus
834 2851 885 2901 rex
899 2844 1071 2902 Antiochus

171 2947 237 3005 tuit.
296 2949 389 3005 Hunc
412 2955 498 3005 tanta
521 2947 689 3023 cupiditate
716 2946 854 3004 incendit
880 2946 1017 3005 bellandi
1040 2956 1072 3004 ut

213 3094 228 3140 4
246 3079 429 3143 praestitisse,
447 3081 613 3141 supercivisse.
625 3079 680 3127 —6
698 3081 819 3142 ct'tnctis,
839 3052 993 3140 omnen-7
1013 3091 1074 3130 con-

172 3175 279 3227 gressus
292 3166 343 3228 est,
357 3163 497 3218 dimicavit.
507 3191 540 3197 -
551 3176 579 3238 ¹3
597 3162 728 3236 animam,
746 3162 918 3218 vitarat-16
934 3162 1072 3238 omittam,

172 3254 339 3320 praeteream.
