2564 3716
226 209 258 258 72
328 262 329 265 ,
526 207 733 258 naumann.
768 221 791 270 7,
803 207 828 258 a.

228 383 261 432 ut
279 374 361 432 enim
378 377 497 435 Romae
516 375 670 448 consules,
688 385 733 434 sic
749 375 943 452 Karthagine
960 383 1127 451 quotannis

193 490 210 539 ὅ
228 487 322 536 annui
337 479 403 537 bini
418 485 506 556 reges
522 479 715 538 creabantur.
762 481 798 537 ln
815 486 852 537 eo
867 477 1045 555 magistrata
1060 488 1126 555 pari

228 579 388 656 diligentia
406 589 439 641 se
460 581 620 654 Hannibal
641 581 783 658 praebuit
800 590 837 640 ac
854 581 955 640 fuerat
979 581 1010 639 in
1034 580 1124 640 bello.

229 685 371 760 Namque
389 684 491 744 effecit
517 703 554 744 ex
573 695 661 744 novis
677 685 879 763 vectigalibus
897 692 960 744 non
979 684 1078 743 solum
1093 695 1127 744 ut

228 796 311 845 esset
326 787 458 863 pecunia
470 806 549 864 quae
564 790 713 847 Romanis
730 807 767 846 ex
784 789 910 846 foedere
932 788 1124 864 penderetur,
1164 803 1179 856 5

229 890 284 949 sed
305 889 398 949 etiam
419 901 597 966 superesset
621 909 700 966 quae
724 891 755 948 in
778 890 895 950 aerario
918 897 1124 966 reponeretur.

194 997 211 1046 6
230 992 362 1065 Deinde,
381 995 424 1052 M.
442 994 576 1053 Claudio
595 996 629 1052 L.
647 996 672 1053 F
674 993 739 1053 orio
757 993 945 1062 consulibus,
967 995 1067 1052 Roma
1087 992 1126 1051 le-

228 1105 292 1172 gati
314 1097 540 1174 Karthaginem
561 1104 719 1156 venerunt.
767 1099 835 1156 Hos
860 1096 1020 1155 Hannibal
1042 1106 1126 1154 ratus

229 1209 276 1258 sui
292 1201 480 1276 exposcendi
495 1200 594 1278 gratia
610 1207 730 1272 missos,
747 1199 926 1276 priusquam
945 1198 982 1258 iis
1000 1207 1126 1258 senatus

229 1303 360 1374 daretur,
378 1312 488 1362 navem
512 1303 653 1362 ascendit
675 1302 755 1361 clam
777 1312 870 1378 atque
893 1302 923 1359 in
947 1301 1062 1380 Syriam
1086 1302 1179 1361 adro

193 1406 418 1465 'lAntiochum
444 1406 588 1484 profogit.
643 1407 713 1464 Hac
739 1413 770 1487 re
796 1405 899 1482 palam
922 1405 1005 1464 facta
1030 1408 1126 1464 Poeni

229 1516 323 1568 naves
340 1510 426 1582 duaS,
444 1528 522 1585 quae
541 1528 611 1568 eum
630 1509 936 1585 comprehenderent,
954 1517 980 1565 si
998 1517 1126 1584 possent

228 1620 386 1689 consequi,
400 1619 561 1684 miserunt;
582 1613 667 1672 bona
678 1611 744 1670 eius
756 1610 959 1687 poblicarunt,
971 1611 1095 1669 domum
1107 1620 1126 1670 a

227 1716 438 1774 fundamentis
454 1715 651 1785 disiecerunt,
664 1715 765 1790 ipsum
780 1714 917 1772 exsulem
932 1713 1113 1772 indicarunt.

191 1831 215 1892 8
270 1821 313 1877 At
326 1818 486 1877 Hannibal
500 1825 582 1877 anno
594 1817 685 1876 tertio
697 1826 862 1893 postquam
879 1817 971 1875 domo
987 1817 1127 1893 profuge·
1148 1840 1178 1892 15

228 1931 283 1993 rat,
298 1923 332 1979 L.
345 1921 490 1980 Cornelio
503 1921 542 1995 Q.
555 1920 694 1980 Minucio
707 1919 896 1992 consulibus
908 1938 977 1977 cum
990 1927 1126 1995 quinque

228 2023 359 2084 navibus
382 2015 519 2082 hiricam
540 2023 673 2084 accessit
694 2024 725 2082 in
748 2025 864 2085 finibus
890 2028 1125 2104 Cyrenaeorum,

228 2137 254 2186 si
279 2127 364 2187 forte
384 2127 661 2205 Karthaginienses
690 2128 729 2186 ad
758 2129 872 2187 bellum
898 2129 1046 2188 Antiochi
1071 2135 1126 2205 spe

227 2230 404 2307 fiduciaque
433 2231 658 2302 inducerentur,
686 2231 736 2289 cui
770 2231 831 2290 iam
866 2241 1062 2308 persuaserat
1094 2241 1128 2290 ut

227 2353 297 2392 cum
320 2335 505 2394 exercitibus
531 2335 562 2392 in
590 2323 713 2393 ltaliam
743 2326 995 2412 proficisceretur.
1056 2337 1128 2394 Hoc
1147 2354 1180 2389 20

193 2439 397 2514 2Magonem
421 2439 546 2522 fratrem
573 2438 693 2498 excivit.
740 2439 777 2497 ld
801 2439 853 2498 ubi
879 2441 975 2498 Poeni
1001 2446 1128 2498 rescive-

227 2552 307 2614 runt,
322 2543 489 2618 Magonem
506 2543 614 2601 eadem
632 2551 693 2619 qua
716 2544 839 2602 fratrem
863 2545 1023 2602 absentem
1046 2543 1128 2602 adfe-

228 2651 335 2703 cerunt
350 2653 459 2720 poena.
508 2646 556 2702 Illi
572 2645 745 2722 desperatis
764 2647 855 2705 rebus
874 2665 943 2704 cum
962 2645 1128 2705 solvissent

228 2755 322 2807 naves
342 2756 378 2806 ac
399 2749 467 2806 vela
489 2757 590 2807 ventis
611 2749 781 2820 dedissent,
800 2749 960 2807 Hannibal
983 2750 1023 2808 ad
1044 2748 1129 2807 Anti-

228 2851 339 2910 ochum
360 2829 510 2926 peruenit.
558 2853 605 2909 De
628 2852 772 2928 Magonis
793 2851 917 2911 interito
937 2853 1050 2928 duplex
1070 2870 1129 2909 me·
1149 2867 1181 2919 25

227 2954 324 3012 moria
354 2954 477 3030 prodita
504 2964 569 3013 est:
600 2973 734 3031 namque
758 2955 809 3012 alii
835 2955 1005 3032 naufragio,
1033 2954 1085 3013 alii
1110 2963 1129 3014 a

264 3119 289 3154 11
310 3107 404 3170 palam
417 3104 501 3169 facti,
516 3108 688 3154 naturara-
698 3119 728 3167 14
747 3107 912 3171 indicarunt,
926 3109 1129 3155 declaraverunt.

226 3203 296 3238 —21
311 3189 422 3254 excivit,
435 3192 547 3236 e'vocovit
553 3206 564 3247 ,·
580 3191 755 3252 resciverunt,
769 3195 1001 3253 cognoverunt-2
1006 3202 1019 3255 5
1033 3201 1131 3241 memo-

227 3273 277 3340 ria,
291 3274 379 3338 sarua.
