2476 3712
469 209 685 259 PELOPIDAS.
722 223 743 267 r,
757 223 779 258 2.
1041 206 1073 259 53

175 377 435 454 Peloponnesium
464 378 579 436 bellum
606 377 808 453 Athenasque
837 378 974 436 devictas
1003 395 1072 435 cum

139 593 157 642 4
174 585 257 644 seles
273 593 325 660 qui
341 584 489 643 adversus
505 584 649 642 resistere
670 584 828 642 auderent.
874 585 945 641 Hac
971 592 1073 642 mente

174 697 281 747 amicis
297 697 361 747 suis
377 696 513 747 summas
532 694 704 763 potestates
721 686 872 744 dederant
887 686 1072 762 alteriusque

173 792 319 851 factieriis
334 792 490 869 principes
509 790 620 866 partim
641 789 867 860 interfecerant,
885 789 962 848 alies
978 789 1009 847 in
1025 808 1073 847 ex·
1109 804 1122 857 5

175 894 276 954 silium
299 896 470 954 eiecerant:
494 894 525 952 in
549 893 662 969 quibus
686 893 852 968 Pelopidas
874 893 932 965 hic,
950 893 988 950 de
1012 899 1073 967 qud

104 1016 107 1022 ·
175 999 308 1058 scribere
324 1007 424 1058 exarsi
441 1017 555 1071 sumus,
573 998 680 1075 pulsus
696 995 796 1073 patria
812 995 945 1054 carebat.

138 1095 160 1154 2
220 1103 263 1161 Hi
284 1111 391 1161 omnes
411 1103 476 1161 fere
492 1103 633 1163 Athenas
656 1109 689 1161 se
713 1100 916 1169 contulerant,
933 1106 996 1158 nen
1011 1106 1073 1174 quo

175 1215 376 1280 sequerentur
391 1206 495 1278 otium,
513 1206 568 1265 sed
584 1216 625 1278 ut,
644 1225 735 1282 quem
755 1223 792 1263 ex
812 1202 950 1280 proxime
972 1201 1073 1261 locum

174 1308 238 1367 fors
264 1308 435 1381 obtulisset,
463 1316 500 1368 ee
523 1309 654 1386 patriam
683 1319 863 1386 recuperare
894 1318 1072 1368 niterentur.
1093 1328 1124 1362 10

140 1414 286 1487 altaque
304 1431 374 1470 cum
393 1423 514 1488 tempus
532 1423 615 1472 esset
630 1421 729 1472 visum
750 1422 793 1472 rei
813 1413 977 1490 gerendae,
994 1429 1074 1469 com-
1142 1489 1145 1495 Ι

176 1515 307 1573 maniter
325 1534 394 1573 curn
415 1515 453 1574 iis
475 1524 529 1591 qui
547 1515 665 1575 Thebis
685 1516 767 1599 idem
788 1515 974 1586 sentiebant,
991 1514 1073 1573 diem

175 1617 356 1694 delegerunt
382 1618 422 1676 ad
445 1617 586 1678 inimicas
612 1619 831 1695 opprimendas
856 1617 1073 1694 civitatemque

176 1719 366 1779 liberandam
383 1740 453 1779 eum
469 1728 530 1797 que
546 1721 670 1781 maximi
685 1711 882 1799 magistratus
899 1721 988 1780 simul
1004 1728 1075 1780 con·

142 1825 160 1876 3
177 1831 302 1882 suerant
321 1824 446 1901 epulari.
494 1826 627 1901 Magnae
644 1844 737 1902 saepe
753 1832 801 1884 res
818 1832 878 1884 nen
896 1824 938 1882 ita
954 1832 1074 1900 magnis
1094 1849 1124 1901 15

177 1926 274 2002 capiis
297 1936 370 1985 sunt
390 1936 507 2004 gestae,
526 1928 581 1986 sed
603 1929 744 2004 profecte
764 1946 931 2004 numquam
951 1937 1014 1986 tam
1034 1927 1074 1985 ab

177 2038 262 2088 tenui
291 2030 393 2090 initio¹
409 2040 513 2089 tantae
543 2037 619 2106 opes
649 2041 721 2090 sunt
749 2030 939 2108 prefligatae.
993 2031 1074 2087 Nam

178 2133 341 2192 duodecim
364 2134 587 2192 adulescentuli
610 2134 749 2193 coierunt
770 2153 809 2193 ex
830 2133 867 2192 iis
892 2142 944 2209 qui
966 2132 1075 2192 exsilia

177 2246 264 2295 erant
294 2237 423 2309 multati,
455 2255 525 2294 cum
555 2245 681 2296 omnine
714 2244 777 2296 nen
809 2246 915 2296 essent
943 2235 1075 2312 amplius

177 2349 309 2412 centurn,
327 2350 380 2415 qui
401 2347 489 2399 tante
509 2347 541 2398 se
562 2340 708 2399 offerrent
727 2341 873 2417 periculo.
918 2340 989 2413 Qua
1004 2358 1075 2415 pau·
1094 2366 1126 2402 20

143 2449 160 2498 4
177 2442 268 2502 citate
283 2443 426 2519 perculsa
442 2453 489 2502 est
505 2443 822 2524 Lacedaemoniorum
837 2442 985 2519 potentia,
1031 2443 1075 2499 Hi

178 2526 338 2605 enim'nen
360 2545 457 2623 magis
474 2545 718 2605 adversariarum
733 2546 863 2605 factieni
879 2565 971 2622 quam
989 2547 1074 2621 Spar-

178 2657 259 2708 tanis
281 2657 319 2708 ee
343 2659 481 2724 tempore
505 2649 621 2708 bellum
645 2649 821 2721 intulerunt,
844 2658 896 2725 qui
921 2648 1075 2725 principes

178 2762 264 2811 erant
293 2760 388 2812 totius
418 2752 588 2812 Graeciae:
620 2760 750 2827 querum
781 2753 888 2828 imperi
918 2751 1074 2823 maiestas
1119 2743 1121 2749 ¹

178 2873 277 2931 neque
297 2854 340 2913 ita
360 2855 456 2914 multe
476 2865 557 2931 post,
580 2854 743 2914 Leuctrica
765 2864 869 2931 pagna
892 2854 930 2912 ab
953 2853 1012 2912 hec
1034 2853 1078 2910 in·
1095 2882 1108 2915 2
1113 2881 1126 2932 5

144 2961 160 3011 5
177 2956 232 3017 itio
246 2958 388 3034 perculsa
403 2957 548 3016 concidit.
596 2956 646 3014 Illi
659 2957 751 3033 igitur
762 2956 935 3028 duodecim,
947 2963 1076 3032 querum

210 3131 224 3180 7
253 3119 342 3170 exbrsl
362 3132 466 3184 sumus,
487 3119 718 3180 incipimus-10
738 3118 893 3182 obtulisset,
913 3118 1076 3175 ostendisset;

177 3203 337 3267 niterentur,
367 3209 610 3261 centimanum—17
641 3201 726 3266 tenui,
747 3199 920 3263 parua-18
944 3201 1075 3264 coierunt,
1105 3200 1110 3210 ’

176 3290 353 3334 convenerunt.
1094 3263 1099 3276 ⁸
