2476 3712
100 317 101 322 1
204 243 235 293 16
475 243 773 292 THEMISTOCLES.
808 243 832 291 8.

168 420 186 469 2
203 413 304 487 Argos
320 410 491 469 habitetum
508 410 671 470 concessit.
697 412 759 469 Hic
772 429 840 469 curn
853 419 978 486 propter
989 409 1100 468 multis

203 513 331 572 virtutes
346 522 459 590 maigne
475 533 544 572 cum
560 513 711 589 dignitete
727 522 851 585 viveret,
863 512 1101 571 Lacedaemonii

203 616 322 694 legetris
338 616 480 675 Athehes
495 623 653 688 miserunt,
671 625 723 691 qui
746 635 815 674 eum
838 616 998 674 absentem
1016 625 1101 673 accir-

203 727 316 792 serent,
334 719 418 795 quod
441 718 622 777 societatem
645 737 714 776 cum
737 727 808 796 rege
831 721 923 776 Perse
947 718 987 777 ad
1009 706 1121 777 Grae!

204 821 283 881 ciam
307 821 540 897 opprimendam
564 821 698 881 fecisset.
745 823 817 880 Hoc
839 820 965 880 crimine
987 821 1100 880 absens
1135 803 1152 885 5·

169 932 187 982 3
204 924 388 1001 preditienis
404 925 570 984 darnnetus
585 935 642 984 est.
674 925 727 1001 ‘Id
742 934 776 983 ut
791 924 916 996 audivit,
934 924 1018 1000 quod
1038 931 1100 983 nen

204 1028 280 1086 satis
296 1037 395 1090 tetum
410 1035 443 1086 se
460 1030 551 1104 Argis
571 1027 706 1100 videbat,
724 1029 890 1106 Corcyram
910 1026 1099 1104 demigravit.

205 1131 254 1190 Ibi
276 1149 345 1189 cum
369 1130 436 1190 eius
458 1131 613 1207 principes
636 1129 905 1194 animadvertisset
930 1129 1036 1188 timere
1063 1136 1101 1188 ne
1212 1199 1213 1218 ἦ

204 1243 329 1311 propter
349 1241 382 1292 se
402 1234 517 1293 bellum
538 1233 575 1292 iis
594 1233 834 1292 Lacedaemonii
849 1244 880 1291 et
895 1232 1101 1292 Athenienses

204 1336 383 1408 indicerent,
397 1337 437 1395 ad
452 1337 628 1409 Admetum,
643 1336 815 1395 Molossum
830 1343 941 1414 regern,
955 1354 1025 1395 cum
1041 1344 1101 1414 qui
1123 1357 1151 1391 ιο

170 1449 187 1498 4
204 1449 232 1498 ei
248 1439 415 1515 hospitium
431 1449 504 1511 erat,
522 1439 669 1517 confugit.
702 1441 774 1498 Huc
789 1458 858 1498 cum
871 1439 1009 1500 ¹venisset
1025 1447 1056 1498 et
1071 1439 1102 1497 in

204 1541 379 1618 praesentiri
409 1547 461 1600 rex
494 1542 626 1614 abesset,
651 1549 712 1619 que
745 1541 860 1601 maiore
892 1541 1039 1619 religione
1069 1549 1102 1602 se

204 1655 361 1722 receptum
383 1646 520 1704 tueretur
540 1644 638 1702 filiam
659 1645 725 1704 eius
747 1646 906 1722 parvulam
918 1643 1051 1721 adripuit
1072 1654 1103 1703 et
1212 1643 1213 1656 ¹

189 1759 274 1807 'cum
300 1757 337 1807 ee
364 1755 397 1806 se
424 1747 455 1805 in
483 1747 656 1820 sacrarium,
683 1749 767 1823 quod
796 1757 915 1807 summe
944 1748 1103 1808 colebaitur

205 1850 400 1923 caerimenie‚
417 1851 559 1910 coniecit.
605 1851 683 1911 Inde
704 1859 764 1910 non
787 1851 871 1927 prius
891 1858 1032 1928 egressus
1055 1861 1152 1922 est15
1211 1919 1212 1928 ἵ

206 1973 297 2030 quam
313 1961 366 2013 rex
382 1973 451 2012 eum
467 1954 540 2013 date
557 1954 663 2012 dextre
680 1954 711 2011 in
728 1954 820 2012 fidem
835 1953 993 2030 reciperet,
1011 1973 1102 2030 quam

171 2061 187 2109 5
205 2056 366 2133 praestitit.
405 2059 486 2115 Nam
502 2073 571 2114 cum
587 2057 627 2115 ab
643 2056 887 2116 Atheniensibus
903 2066 934 2115 et
950 2057 1101 2115 Lacedae-

207 2160 318 2218 moniis
334 2166 551 2236 exposceretur
567 2159 698 2236 publice,
711 2159 881 2236 supplicem
894 2167 956 2219 nen
967 2144 1103 2236 prodidit

206 2263 386 2339 monuitque
402 2272 435 2321 ut
450 2263 626 2321 censuleret
641 2262 718 2321 sibi:
742 2262 865 2322 difficile
886 2261 968 2321 enim
986 2281 1056 2322 esse
1071 2262 1100 2319 in

206 2376 268 2424 tam
284 2372 458 2441 propinquo
474 2366 543 2424 locri
559 2373 625 2424 tirtr‘)
641 2384 710 2423 eum
726 2363 849 2424 verseri.
896 2368 1005 2443 Itaque
1027 2366 1104 2444 Pyd·
1125 2383 1155 2418 20

207 2490 278 2528 nam
294 2489 364 2528 eum
379 2470 490 2528 deduci
509 2468 599 2527 iussit
614 2478 645 2527 et
661 2469 745 2544 quod
768 2468 843 2527 satis
865 2479 949 2528 esset
970 2469 1104 2546 praesidi
1209 2505 1210 2575 p

172 2573 190 2622 6
207 2573 301 2633 dedit.
334 2572 443 2631 Hicin
459 2581 569 2630 nrivem
586 2571 729 2630 omnibus
745 2579 867 2648 ignetus
883 2581 985 2631 nautis
1000 2579 1105 2632 escen-

186 2747 190 2756 ·
207 2677 260 2735 dit.
290 2677 378 2750 Quae
395 2695 463 2733 cum
480 2684 664 2749 tempestate
681 2673 812 2732 maixime
829 2677 951 2733 Naxum
966 2676 1103 2746 ferretur,

207 2779 259 2839 ubi
275 2789 340 2837 tum
353 2777 590 2838 Atheniensium
606 2787 670 2835 erat
686 2776 847 2850 exercitus,
859 2778 956 2838 sensit
967 2777 1106 2838 Themis·
1199 2773 1209 2848 ,’

207 2882 313 2954 tocleS,
332 2891 357 2941 si
374 2861 627 2958 ebpervenisset,
645 2879 705 2938 sibi
720 2898 789 2939 esse
805 2883 1005 2956 pereundum.
1035 2883 1106 2940 Hec
1127 2894 1156 2944 ²5

208 2984 394 3045 necessitate
418 2993 546 3054 coactus
568 2983 694 3041 domino
716 2982 814 3056 nevis,
837 2983 906 3059 quis
929 2984 977 3057 sit,
998 2984 1105 3062 aperit,
1207 3009 1208 3063 l

174 3089 303 3146 imulta
326 3087 476 3164 pollicens
500 3094 526 3143 si
549 3092 581 3143 se
600 3065 824 3144 censervesset.
869 3088 912 3144 At
933 3087 984 3146 ille
1006 3087 1108 3146 cleris-

251 3234 264 3269 2
281 3219 428 3284 dignitite,
441 3218 541 3265 honore.
552 3231 609 3276 -4
628 3217 795 3281 societatem,
801 3218 968 3280 sectius-8
985 3220 1108 3276 animari.
1206 3263 1207 3270 ἵ

208 3303 346 3366 vertisset,
360 3301 551 3364 co'gno'vt'rset.-
566 3313 595 3364 13
607 3300 736 3365 tueretur,
750 3299 899 3364 defenderet.
