2564 3716
521 197 727 249 HANNIBAL.
764 211 785 250 2.
1068 197 1101 252 67

155 437 159 447 Λ
204 377 336 445 usquea
351 369 443 428 rubro
458 377 534 427 mari
550 387 633 426 arma
648 375 777 428 conatus
797 367 836 426 sit
855 368 965 426 inferre
979 358 1099 427 ltaliae.

169 483 187 533 2
205 473 254 529 Ad
274 491 365 548 quem
385 491 453 529 cum
473 472 566 548 legati
582 471 739 529 venissent
756 473 897 542 Romani,
915 479 966 546 qui
981 471 1020 528 da
1035 471 1100 529 eius

204 574 362 633 voluntate
392 574 587 650 explorarent
613 575 783 650 darentque
810 592 934 649 operam
963 573 1101 632 consiliis

204 677 414 749 clandestinis,
442 687 475 735 ut
503 677 713 735 Hannibalem
743 676 774 734 in
804 676 1011 752 suspicionem
1038 684 1101 753 regi

204 781 401 852 adducerent,
419 790 575 856 tamquam
592 781 630 838 ab
647 780 722 856 ipsis
741 789 917 855 corruptum
934 780 993 837 alia
1009 789 1100 855 atque
1137 794 1150 848 5

205 892 295 942 antea
310 893 433 954 sentire,
448 903 548 960 neque
565 883 596 941 id
609 885 724 942 frastra
740 883 896 955 fecissent,
910 883 1002 959 idque
1017 885 1100 940 Han-

204 987 288 1045 nibal
318 987 519 1062 comperisset
549 993 643 1062 saque
673 986 711 1044 ab
741 985 937 1045 interioribus
963 986 1100 1045 consiliis

205 1095 358 1165 segregari
383 1088 521 1160 vidisset,
548 1098 686 1164 tempore
714 1089 786 1147 data
813 1087 889 1146 adiit
918 1088 957 1146 ad
987 1095 1098 1164 regem,

169 1195 186 1244 3
204 1200 294 1267 eique
317 1210 386 1248 cum
408 1191 505 1249 multa
526 1192 565 1249 da
587 1192 648 1249 fide
671 1199 726 1249 sua
749 1201 780 1249 et
801 1191 874 1249 odio
891 1190 922 1248 in
941 1193 1100 1250 Romanas

100 1315 106 1321 ·
164 1333 166 1337 ,
204 1304 481 1367 commemorasset,
506 1295 566 1354 hoc
588 1294 739 1353 adiunxit:
781 1297 900 1352 “Pater
922 1295 1038 1366 meus‚''
1057 1294 1099 1351 in·
1120 1319 1149 1353 10

204 1398 278 1474 quit,
298 1405 315 1431 ‘⁴
326 1398 492 1470 Hamilcar,
519 1398 646 1474 puerulo
672 1405 728 1470 me,
754 1407 861 1473 utpote
884 1405 945 1456 nou
970 1397 1099 1473 amplius

204 1520 314 1560 novem
341 1509 438 1560 annos
465 1509 546 1573 nata,
574 1501 605 1558 in
633 1500 819 1577 Hispaniam
845 1501 1009 1577 imperator
1034 1521 1100 1577 pro-

203 1606 345 1662 ficiscens
368 1604 570 1681 Karthagine,
597 1606 663 1662 lovi
686 1603 803 1680 optima
827 1593 959 1663 maxima
981 1604 1099 1664 hostias

168 1711 186 1758 4
203 1706 380 1766 immolavit.
412 1708 499 1781 Quae
510 1708 615 1784 diuina
626 1714 674 1766 res
687 1708 759 1766 dum
770 1708 997 1781 conficiebatur,
1009 1727 1100 1785 quae-

202 1811 275 1870 sivit
291 1819 311 1869 a
328 1818 376 1869 ma
394 1811 545 1869 vellemne
564 1818 668 1870 secum
687 1811 718 1868 in
737 1821 837 1870 castra
854 1812 1016 1887 proficisci.
1063 1813 1099 1871 ld
1120 1840 1149 1892 15

202 1934 272 1973 cum
289 1915 420 1975 libenter
435 1916 624 1992 accepissem
644 1927 735 1992 atque
752 1916 790 1975 ab
806 1923 843 1975 eo
858 1925 962 1992 petere
984 1915 1099 1992 coepis-

113 2029 115 2035 '
203 2037 267 2076 sem
284 2026 322 2077 na
338 2019 492 2078 dubitaret
509 2019 629 2092 dacere,
643 2029 708 2078 tum
724 2019 783 2090 ille,
797 2019 975 2092 “Faciam''
988 2019 1096 2095 inquit,

204 2128 254 2180 “si
270 2122 460 2194 mihi-fidem,
478 2142 570 2198 quam
590 2123 722 2198 postulo,
740 2122 892 2181 dederis.''
938 2122 1034 2180 Simul
1049 2129 1097 2180 ma

203 2225 240 2282 ad
260 2234 343 2283 aram
363 2225 489 2284 adduxit
515 2227 597 2301 apud
616 2245 707 2302 quam
726 2225 897 2284 sacrificare
915 2225 1096 2297 instituerat,

202 2346 331 2403 eamque
348 2336 457 2387 ceteris
473 2337 598 2388 remotis
614 2339 771 2387 tenentem
790 2329 888 2388 iurare
907 2329 995 2387 iussit
1013 2348 1097 2386 num·
1117 2357 1148 2392 20

167 2431 293 2507 5quam
315 2438 364 2490 ma
387 2432 418 2488 in
442 2432 575 2490 amicitia
597 2451 666 2489 cum
689 2435 838 2491 Romanis
860 2432 934 2490 fore.
980 2432 1017 2490 Id
1040 2451 1097 2508 ego

201 2534 411 2593 iusiurandum
435 2545 514 2611 patri
538 2536 644 2593 datum
671 2555 768 2612 usque
794 2536 834 2594 ad
860 2536 940 2594 hauc
964 2545 1096 2594 aetatem

201 2637 245 2696 ita
266 2645 446 2697 conservavi
469 2649 502 2696 ut
520 2639 636 2697 nemini
654 2639 781 2697 dubium
800 2659 868 2697 esse
887 2639 1000 2697 debeat
1022 2649 1094 2715 quin

167 2745 184 2794 6
201 2741 320 2816 reliqua
338 2751 476 2816 tempore
495 2743 603 2801 eadem
622 2751 724 2800 mente
743 2743 800 2800 sim
819 2743 948 2801 tuturus,
994 2743 1096 2815 Quare

202 2842 227 2902 si
243 2843 317 2920 quid
333 2851 429 2903 amice
445 2845 483 2903 da
501 2847 651 2904 Romanis
667 2846 826 2922 cogitabis,
845 2853 906 2904 non
925 2846 1096 2921 impruden·
1116 2870 1146 2922 ²5
1211 2867 1213 2871 ·

200 2956 247 3005 ter
260 2947 380 3018 feceris,
399 2957 425 3006 si
441 2955 489 3006 ma
505 2948 631 3020 celaris3
655 2968 724 3007 eum
740 2949 865 3025 quidem
880 2948 994 3008 bellum
1012 2958 1096 3023 para-

240 3099 256 3148 8
280 3101 426 3164 sagregari,
445 3103 635 3149 excludi—10
653 3103 897 3166 commemorasset,
917 3103 1118 3149 narrasset.—'

203 3181 231 3230 18
249 3182 341 3248 fidem,
355 3184 549 3231 iasiarandum.
558 3213 592 3219 -
601 3197 630 3246 19
648 3184 815 3248 instituerat,
829 3191 987 3246 coeperat.-
996 3195 1026 3248 25
1043 3186 1097 3235 nltn

200 3265 396 3332 imprudenter,
406 3268 539 3328 sapienter.
