2476 3712
436 203 653 252 PELOPIDAs.
687 216 743 270 3-5·
1006 202 1037 254 55

138 376 280 429 auctares
306 371 461 429 Cadmeae
487 372 687 446 occupandae
710 370 821 447 partim
847 371 1035 443 occiderunt,

138 473 297 549 partimin
312 473 453 532 exsilium
470 475 634 533 eiecerunt.

102 582 126 640 4
182 577 253 634 Hae
271 586 334 634 tam
355 577 479 636 turbida
498 587 645 653 tempore,
663 587 742 636 sieut
758 587 850 654 supra
866 577 1035 650 docuimus

140 679 382 755 Epaminandas,
408 680 511 755 quoad
537 699 606 740 cum
633 681 752 740 civibus
776 681 954 740 dimicatum
979 691 1034 752 est,

138 782 222 840 domi
245 781 367 856 quietus
389 782 456 842 fuit.
506 786 616 859 ltaque
639 784 716 842 haec
739 784 936 844 liberatarum
958 784 1037 842 The
1073 798 1085 849 s

138 885 247 942 barum
276 884 399 961 propria
427 885 495 944 laus
529 895 577 945 est
610 886 787 962 Pelopidae,
819 893 939 946 ceterae
970 887 1035 945 fere

103 994 120 1044 2
138 995 317 1047 commanes
333 1006 402 1046 cum
414 990 638 1065 Epaminanda.
675 992 817 1066 Namque
833 989 864 1047 in
876 989 1036 1049 Leuctrica

137 1100 242 1170 pagna
263 1091 446 1167 imperatare
468 1093 683 1168 Epaminanda
704 1093 754 1152 hic
775 1092 834 1151 luit
855 1094 917 1151 dux
939 1093 1036 1152 deleo·

137 1207 189 1256 tae
205 1207 322 1269 manas
340 1217 418 1272 quae
439 1206 536 1274 prima
556 1197 741 1273 phalangem
761 1195 926 1272 prastravit
942 1196 1037 1254 Laca-

102 1309 221 1360 3num.
274 1301 426 1360 Omnibus
452 1308 611 1377 praeterea
637 1299 782 1376 periculis
808 1298 907 1357 adfuit
932 1297 1035 1377 (sicut,
1057 1322 1087 1357 10

138 1405 281 1480 Spartam
312 1423 382 1462 cum
412 1403 609 1480 oppagnavit,
637 1403 766 1460 alterurn
791 1401 890 1460 tenuit
916 1402 1035 1482 corna),

137 1515 262 1584 quaque
287 1509 435 1565 Messena
458 1505 588 1565 celerius
614 1505 831 1577 restitueretur,
860 1504 979 1581 legatus
1005 1503 1036 1562 in

138 1613 251 1669 Persas
280 1619 328 1669 est
357 1610 522 1686 profectus
577 1607 719 1684 Denique
749 1608 826 1667 haec
855 1606 912 1665 luit
941 1607 1037 1666 altera

137 1722 272 1792 persana
287 1712 413 1785 Thebis,
432 1713 488 1772 sed
503 1722 606 1771 tamen
625 1712 762 1770 secunda
780 1710 823 1769 ita
846 1720 880 1768 ut
899 1710 1037 1787 proxima

138 1827 223 1877 esset
238 1817 482 1893 Epaminandae.
1058 1822 1086 1874 Ι5

101 1926 125 1986 5
181 1921 388 1996 Canllictatus
424 1928 527 1978 autem
560 1927 608 1976 est
641 1936 709 1976 curn
741 1917 871 1975 adversa
902 1917 1047 1984 fartana„

139 2026 221 2082 Nam
245 2034 276 2082 et
302 2022 398 2093 initia,
425 2030 503 2080 sicut
528 2019 728 2090 ostendimus,
755 2019 840 2077 exsul
867 2018 966 2095 patria
991 2037 1037 2076 ca-

138 2127 208 2198 ruit,
225 2136 342 2185 etcum
358 2123 550 2183 Thessaliam
568 2123 599 2180 in
615 2130 802 2199 potestatem
817 2123 844 2178 T
847 2122 1037 2180 hebanarum

138 2239 266 2307 cuperet
288 2227 426 2305 redigere
450 2225 675 2303 legatianisque
697 2224 760 2284 iare
780 2224 856 2283 satis
875 2231 987 2282 tectum
1004 2232 1037 2282 se

86 2325 95 2346 ⁸
139 2333 347 2402 arbitraretur,
365 2330 448 2407 quod
465 2330 547 2405 apud
562 2335 670 2387 omnes
685 2335 794 2404 gentes
810 2336 949 2386 sanctum
969 2346 1037 2386 esse
1057 2347 1089 2382 20

139 2443 330 2506 censuesset,
362 2442 380 2494 a
410 2440 540 2511 tyranne
570 2431 748 2490 Alexandra
778 2431 915 2488 Pheraea
948 2430 1037 2489 simul

139 2558 210 2598 cum
227 2538 363 2598 Ismenia
382 2536 623 2612 comprehensus
643 2533 674 2590 in
690 2532 792 2592 vincla
808 2532 965 2592 coniectus
981 2542 1036 2592 est.

107 2645 237 2702 aHunc
264 2639 495 2717 Epaminandas
522 2636 721 2713 recuperavit,
742 2635 825 2694 bello
849 2644 1039 2712 persequens

141 2745 361 2828 Alexandrum.
421 2744 496 2801 Post
529 2741 560 2798 id
592 2740 709 2797 factum
739 2757 907 2814 numquam
937 2739 1039 2797 anima

141 2849 257 2925 placari
275 2845 376 2924 potuit
395 2845 427 2903 in
445 2862 524 2916 eum,
543 2852 560 2902 a
578 2850 639 2918 qua
658 2851 723 2899 erat
742 2840 882 2898 violatus
929 2844 1039 2918 Itaque
1058 2855 1088 2909 25

141 2949 295 3026 persuasit
314 2949 474 3006 Thebanis
500 2955 533 3004 ut
558 2943 697 3002 subsidia
718 2942 899 3001 Thessaliae
922 2945 1039 3019 profici·

175 3117 190 3167 3
214 3101 333 3166 turbida,
353 3099 515 3162 perr'culdsa,·
544 3096 693 3159 docuimus,
717 3096 905 3157 diximum—9
927 3096 1042 3159 phalan-

143 3197 212 3250 gem,
225 3188 313 3234 aciem.
321 3212 355 3220 -
365 3182 394 3231 16
411 3182 534 3244 adversa,
549 3180 661 3226 inimica.
670 3207 703 3214 -
713 3191 740 3238 17
761 3176 852 3241 initio,
860 3179 998 3240 principia.
1008 3206 1041 3215 -

77 3289 80 3298 ⁴
146 3282 175 3332 19
192 3271 305 3333 tectum,
318 3271 468 3330 pratectum.
