2476 3712
444 199 657 248 murmures.
692 207 752 264 44
906 173 909 180 ⁴
1030 195 1045 247 s

147 372 187 423 ac
201 373 275 424 sues
297 364 404 443 eripies
420 365 452 423 in
468 384 610 441 campum
633 365 820 426 Maratheno
842 365 1043 424 deduxerunt.

148 469 183 525 Is
208 476 256 526 est
282 468 321 527 ab
348 468 465 545 oppide
490 467 612 527 circiter
640 447 724 526 milia
750 485 900 544 passuum
926 468 1043 526 decem.

111 575 129 626 3
148 571 223 629 Hec
248 570 381 630 tumultu
406 571 614 630 Athenienses
636 580 699 629 tam
721 578 894 648 propinque
920 579 1044 647 tamque

146 680 261 750 magne
283 680 415 750 permeti
436 673 583 732 auxilium
605 691 757 750 nusquam
779 673 840 732 uisi
857 681 877 732 e
892 673 1046 736 Lacedae-

145 774 260 834 moniis
295 783 470 854 petiverunt
506 777 753 854 Phidippumque
788 783 945 836 cursorem
977 775 1044 835 eius
1079 791 1093 844 5

145 877 270 956 generis
296 888 349 956 qui
377 880 630 939 hemerodromoe
656 889 814 952 vocantur,
839 879 1045 938 Lacedaemo

146 1000 219 1039 nem
234 989 391 1054 miserunt,
412 991 446 1041 ut
468 982 624 1042 nuntiaret
640 1001 732 1060 quam
749 981 842 1041 celeri
862 1000 940 1058 opus
961 991 1044 1041 esset

112 1090 130 1140 4
146 1083 269 1144 auxilie.
316 1087 409 1144 Domi
430 1095 533 1145 autem
554 1095 660 1144 creant
680 1087 788 1144 decem
807 1092 974 1162 praeterea,
991 1093 1044 1162 qui

146 1186 295 1246 exercitui
314 1198 503 1263 praeessent,
521 1188 553 1246 in
573 1188 611 1248 iis
631 1187 814 1248 Miltiadem.
859 1191 945 1246 Inter
965 1195 1043 1265 ques

146 1298 259 1367 megna
286 1290 345 1350 tuit
374 1291 534 1351 contentio
563 1301 663 1350 utrum
689 1290 853 1351 moenibus
879 1298 912 1350 se
938 1291 1044 1350 defen·
1063 1312 1093 1348 ιο

146 1393 256 1452 derent
283 1412 324 1451 an
353 1393 477 1453 obviam
507 1403 586 1453 irent
616 1393 759 1453 hostibus
788 1393 916 1471 acieque
941 1395 1044 1453 decer-

111 1504 128 1554 5
145 1505 264 1556 nerent.
295 1489 386 1556 Unus
403 1496 562 1556 Miltiades
578 1496 709 1556 mexime
725 1485 881 1556 nitebetur
896 1505 929 1555 ut
943 1504 1042 1573 prime

145 1606 269 1676 queque
292 1608 430 1676 tempore
453 1609 554 1659 castra
576 1600 704 1658 fierent:
726 1598 758 1658 id
772 1607 800 1658 si
813 1599 930 1658 iactum
949 1609 1040 1673 esset,

144 1711 176 1761 et
202 1700 322 1761 civibus
352 1702 488 1760 animum
513 1711 718 1776 accesserum
739 1720 812 1765 cum
837 1701 978 1761 viderent
1002 1704 1042 1762 de

144 1812 251 1864 eerum
265 1805 377 1864 virtflte
392 1813 456 1865 nen
471 1806 637 1882 desperari,
648 1815 679 1864 et
690 1805 796 1864 hostes
810 1806 920 1864 eedem
933 1813 964 1864 re
975 1805 1041 1864 iore
1062 1827 1091 1881 15

143 1907 304 1981 tardiores,
318 1917 344 1967 si
356 1907 637 1968 animadverterent
652 1909 758 1968 auderi
772 1907 922 1968 adversus
934 1917 967 1968 se
979 1918 1041 1967 tam

144 2009 263 2088 exiguis
278 2011 377 2088 cepiis
395 2011 542 2072 dimiceri.

104 2120 129 2180 5
187 2115 259 2173 Hec
268 2113 300 2173 in
309 2115 542 2191 temporenirlla
552 2115 660 2175 civites
670 2114 915 2175 Atheniensibus
927 2115 1041 2175 auxilie

142 2215 202 2275 fuit
223 2226 345 2293 praeter
367 2202 575 2277 Plataeenses.
621 2221 665 2277 Ea
687 2218 770 2278 mille
794 2219 877 2278 misit
900 2219 1038 2278 militum.

144 2322 255 2397 Itaque
284 2320 394 2379 horum
423 2320 558 2386 adventii
590 2322 698 2380 decem
735 2321 819 2380 milia
855 2329 1040 2381 armatorum
1060 2345 1091 2381 20

143 2424 300 2499 completa
325 2432 406 2495 sunt,
434 2443 513 2501 quae
535 2443 645 2482 manus
667 2424 799 2484 mirebiii
821 2423 971 2501 flagrabat
989 2435 1041 2500 pir·

108 2526 260 2602 2gnandi
282 2525 461 2602 cupiditate.
506 2527 577 2601 Que
599 2528 784 2586 factumest
806 2536 839 2586 ut
859 2528 928 2603 phis
948 2547 1040 2603 quam

143 2629 291 2705 conlegae
313 2628 472 2689 Miltiades
491 2631 616 2690 valeret.
662 2624 736 2690 Eius
761 2637 835 2707 erge
858 2631 1039 2690 aucteritete

143 2730 268 2808 impulsi
297 2731 505 2792 Athenienses
542 2733 649 2809 copies
685 2752 723 2792 ex
756 2733 834 2792 urbe
870 2734 1041 2794 edirxerunt

108 2834 273 2911 3loc6que
296 2834 410 2895 idenee
430 2845 531 2895 castra
550 2837 698 2897 iecerunt.
745 2835 826 2896 Dein
844 2845 970 2912 postere
990 2837 1040 2897 die
1059 2857 1089 2911 ²5

143 2938 200 2996 sub
230 2937 345 2997 mentis
375 2937 530 2998 radicibus
557 2939 622 2998 acie
651 2939 776 3016 regione
801 2947 950 3000 instructi
976 2948 1039 3000 nen

143 3039 336 3118 apertissime
351 3041 501 3117 proelium
517 3049 735 3101 commiserunt
751 3041 898 3122 (namque
914 3043 1039 3102 arbores

186 3187 195 3220 1
210 3163 348 3238 campum,
354 3175 500 3235 planitiem.
508 3175 565 3224 -8
584 3176 686 3240 creant,
699 3175 863 3238 dilgent—
874 3177 910 3234 17'
922 3174 1038 3241 exiguis,

136 3261 235 3318 paucis.
245 3284 279 3293 —
289 3269 321 3316 24
333 3255 454 3322 impulsi,
468 3259 573 3306 inducti.
