<?xml version="1.0" encoding="UTF-8"?>
<!DOCTYPE html PUBLIC "-//W3C//DTD XHTML 1.0 Transitional//EN"
    "http://www.w3.org/TR/xhtml1/DTD/xhtml1-transitional.dtd">
<html xmlns="http://www.w3.org/1999/xhtml" xml:lang="en" lang="en">
 <head>
  <title>
</title>
<meta http-equiv="Content-Type" content="text/html;charset=utf-8" />
  <meta name='ocr-system' content='tesseract 3.04.00' />
  <meta name='ocr-capabilities' content='ocr_page ocr_carea ocr_par ocr_line ocrx_word'/>
</head>
<body>
  <div class='ocr_page' id='page_1' title='image "./selectedlivesfr01nepogoog_0044.png"; bbox 0 0 2476 3712; ppageno 0'>
   <div class='ocr_carea' id='block_1_1' title="bbox 392 251 1037 326">
    <p class='ocr_par' dir='ltr' id='par_1_1' title="bbox 392 251 1037 326">
     <span class='ocr_line' id='line_1_1' title="bbox 392 251 1037 326; baseline 0.006 -27"><span class='ocrx_word' id='word_1_1' title='bbox 392 252 690 302; x_wconf 87' lang='lat' dir='ltr'>THEMISTOCLES.</span> <span class='ocrx_word' id='word_1_2' title='bbox 725 252 748 312; x_wconf 90' lang='lat'><strong>8,</strong></span> <span class='ocrx_word' id='word_1_3' title='bbox 761 265 785 318; x_wconf 84' lang='lat'><strong>9.</strong></span> <span class='ocrx_word' id='word_1_4' title='bbox 934 323 935 326; x_wconf 7' lang='grc' dir='ltr'><strong>Ἴ</strong></span> <span class='ocrx_word' id='word_1_5' title='bbox 1005 251 1037 304; x_wconf 84' lang='grc'><strong>17</strong></span> 
     </span>
    </p>
   </div>
   <div class='ocr_carea' id='block_1_2' title="bbox 49 419 1085 2976">
    <p class='ocr_par' dir='ltr' id='par_1_2' title="bbox 49 419 1085 2976">
     <span class='ocr_line' id='line_1_2' title="bbox 138 419 1035 498; baseline 0.001 -20"><span class='ocrx_word' id='word_1_6' title='bbox 138 419 209 478; x_wconf 86' lang='lat' dir='ltr'><strong>simi</strong></span> <span class='ocrx_word' id='word_1_7' title='bbox 220 419 276 478; x_wconf 87' lang='lat' dir='ltr'><strong>viri</strong></span> <span class='ocrx_word' id='word_1_8' title='bbox 288 428 397 497; x_wconf 91' lang='lat' dir='ltr'><strong>captus</strong></span> <span class='ocrx_word' id='word_1_9' title='bbox 412 419 622 479; x_wconf 63' lang='lat' dir='ltr'><strong>misericordi}</strong></span> <span class='ocrx_word' id='word_1_10' title='bbox 635 421 716 479; x_wconf 84' lang='lat' dir='ltr'><strong>diem</strong></span> <span class='ocrx_word' id='word_1_11' title='bbox 729 431 914 498; x_wconf 88' lang='lat' dir='ltr'><strong>noctemque</strong></span> <span class='ocrx_word' id='word_1_12' title='bbox 929 421 1035 498; x_wconf 92' lang='lat' dir='ltr'><strong>procul</strong></span> 
     </span>
     <span class='ocr_line' id='line_1_3' title="bbox 137 521 1035 601; baseline 0.003 -21"><span class='ocrx_word' id='word_1_13' title='bbox 137 522 178 581; x_wconf 90' lang='lat' dir='ltr'><strong>ab</strong></span> <span class='ocrx_word' id='word_1_14' title='bbox 201 521 301 580; x_wconf 75' lang='lat' dir='ltr'><strong>insula</strong></span> <span class='ocrx_word' id='word_1_15' title='bbox 327 521 367 579; x_wconf 86' lang='lat' dir='ltr'><strong>in·</strong></span> <span class='ocrx_word' id='word_1_16' title='bbox 384 521 450 582; x_wconf 80' lang='lat' dir='ltr'><strong>salo</strong></span> <span class='ocrx_word' id='word_1_17' title='bbox 476 531 586 581; x_wconf 81' lang='lat' dir='ltr'><strong>navem</strong></span> <span class='ocrx_word' id='word_1_18' title='bbox 612 523 711 581; x_wconf 90' lang='lat' dir='ltr'><strong>tenuit</strong></span> <span class='ocrx_word' id='word_1_19' title='bbox 735 523 766 581; x_wconf 92' lang='lat' dir='ltr'><strong>in</strong></span> <span class='ocrx_word' id='word_1_20' title='bbox 790 533 911 583; x_wconf 88' lang='lat' dir='ltr'><strong>ancoris</strong></span> <span class='ocrx_word' id='word_1_21' title='bbox 933 542 1035 601; x_wconf 90' lang='lat' dir='ltr'><strong>neque</strong></span> 
     </span>
     <span class='ocr_line' id='line_1_4' title="bbox 137 625 1034 704; baseline 0.002 -22"><span class='ocrx_word' id='word_1_22' title='bbox 137 643 326 702; x_wconf 89' lang='lat' dir='ltr'><strong>quemquam</strong></span> <span class='ocrx_word' id='word_1_23' title='bbox 341 643 379 683; x_wconf 87' lang='lat' dir='ltr'><strong>ex</strong></span> <span class='ocrx_word' id='word_1_24' title='bbox 394 634 431 684; x_wconf 82' lang='lat' dir='ltr'><strong>ea</strong></span> <span class='ocrx_word' id='word_1_25' title='bbox 446 635 528 684; x_wconf 84' lang='lat' dir='ltr'><strong>exire</strong></span> <span class='ocrx_word' id='word_1_26' title='bbox 546 644 658 701; x_wconf 89' lang='lat' dir='ltr'><strong>passus</strong></span> <span class='ocrx_word' id='word_1_27' title='bbox 673 634 730 684; x_wconf 92' lang='lat' dir='ltr'><strong>est.</strong></span> <span class='ocrx_word' id='word_1_28' title='bbox 776 627 855 684; x_wconf 88' lang='lat' dir='ltr'><strong>Inde</strong></span> <span class='ocrx_word' id='word_1_29' title='bbox 879 625 1034 704; x_wconf 88' lang='lat' dir='ltr'>Ephesum</span> 
     </span>
     <span class='ocr_line' id='line_1_5' title="bbox 129 707 1033 805; baseline -0.001 -19"><span class='ocrx_word' id='word_1_30' title='bbox 129 707 278 804; x_wconf 45' lang='lat' dir='ltr'><strong>&#39;pervenit</strong></span> <span class='ocrx_word' id='word_1_31' title='bbox 299 727 405 805; x_wconf 88' lang='lat' dir='ltr'>ibique</span> <span class='ocrx_word' id='word_1_32' title='bbox 427 727 660 788; x_wconf 76' lang='lat' dir='ltr'><strong>Themistoclen</strong></span> <span class='ocrx_word' id='word_1_33' title='bbox 675 729 818 802; x_wconf 70' lang='lat' dir='ltr'><strong>exponit:</strong></span> <span class='ocrx_word' id='word_1_34' title='bbox 843 729 892 790; x_wconf 84' lang='lat' dir='ltr'><strong>eui</strong></span> <span class='ocrx_word' id='word_1_35' title='bbox 910 727 961 786; x_wconf 92' lang='lat' dir='ltr'><strong>ille</strong></span> <span class='ocrx_word' id='word_1_36' title='bbox 975 734 1033 801; x_wconf 86' lang='lat' dir='ltr'><strong>pro</strong></span> 
     </span>
     <span class='ocr_line' id='line_1_6' title="bbox 137 829 1084 908; baseline -0.002 -19"><span class='ocrx_word' id='word_1_37' title='bbox 137 830 254 890; x_wconf 86' lang='lat' dir='ltr'><strong>meritis</strong></span> <span class='ocrx_word' id='word_1_38' title='bbox 269 840 378 908; x_wconf 76' lang='lat' dir='ltr'><strong>postea</strong></span> <span class='ocrx_word' id='word_1_39' title='bbox 392 830 521 908; x_wconf 79' lang='lat' dir='ltr'><strong>gratiam</strong></span> <span class='ocrx_word' id='word_1_40' title='bbox 538 829 662 889; x_wconf 87' lang='lat' dir='ltr'><strong>rettulit.</strong></span> <span class='ocrx_word' id='word_1_41' title='bbox 1070 838 1084 898; x_wconf 69' lang='lat'>5</span> 
     </span>
     <span class='ocr_line' id='line_1_7' title="bbox 96 933 1034 1011; baseline -0.002 -17"><span class='ocrx_word' id='word_1_42' title='bbox 96 933 121 994; x_wconf 88' lang='grc'>9</span> <span class='ocrx_word' id='word_1_43' title='bbox 182 933 252 993; x_wconf 85' lang='lat' dir='ltr'><strong>Scio</strong></span> <span class='ocrx_word' id='word_1_44' title='bbox 263 935 429 1011; x_wconf 77' lang='lat' dir='ltr'><strong>plerosque</strong></span> <span class='ocrx_word' id='word_1_45' title='bbox 441 933 484 991; x_wconf 90' lang='lat' dir='ltr'><strong>ita</strong></span> <span class='ocrx_word' id='word_1_46' title='bbox 497 933 667 1009; x_wconf 86' lang='lat' dir='ltr'>scripsisse,</span> <span class='ocrx_word' id='word_1_47' title='bbox 678 933 919 994; x_wconf 87' lang='lat' dir='ltr'><strong>Themistoclem</strong></span> <span class='ocrx_word' id='word_1_48' title='bbox 931 935 1034 993; x_wconf 84' lang='lat' dir='ltr'><strong>Xerxe</strong></span> 
     </span>
     <span class='ocr_line' id='line_1_8' title="bbox 135 1036 1033 1115; baseline -0.001 -19"><span class='ocrx_word' id='word_1_49' title='bbox 135 1043 286 1115; x_wconf 76' lang='lat' dir='ltr'><strong>regnante</strong></span> <span class='ocrx_word' id='word_1_50' title='bbox 302 1037 334 1094; x_wconf 90' lang='lat' dir='ltr'><strong>in</strong></span> <span class='ocrx_word' id='word_1_51' title='bbox 349 1036 456 1095; x_wconf 89' lang='lat' dir='ltr'><strong>Asiam</strong></span> <span class='ocrx_word' id='word_1_52' title='bbox 472 1045 630 1095; x_wconf 75' lang='lat' dir='ltr'><strong>transisse.</strong></span> <span class='ocrx_word' id='word_1_53' title='bbox 677 1036 739 1096; x_wconf 88' lang='lat' dir='ltr'><strong>Sed</strong></span> <span class='ocrx_word' id='word_1_54' title='bbox 761 1055 819 1114; x_wconf 91' lang='lat' dir='ltr'><strong>ego</strong></span> <span class='ocrx_word' id='word_1_55' title='bbox 840 1036 1033 1113; x_wconf 91' lang='lat' dir='ltr'><strong>potissimum</strong></span> 
     </span>
     <span class='ocr_line' id='line_1_9' title="bbox 136 1118 1033 1218; baseline -0.002 -18"><span class='ocrx_word' id='word_1_56' title='bbox 136 1141 313 1218; x_wconf 71' lang='lat' dir='ltr'><strong>Thucydidi</strong></span> <span class='ocrx_word' id='word_1_57' title='bbox 335 1118 437 1212; x_wconf 43' lang='lat' dir='ltr'><strong>credo}</strong></span> <span class='ocrx_word' id='word_1_58' title='bbox 461 1138 546 1216; x_wconf 92' lang='lat' dir='ltr'><strong>quod</strong></span> <span class='ocrx_word' id='word_1_59' title='bbox 568 1149 599 1197; x_wconf 90' lang='lat' dir='ltr'><strong>et</strong></span> <span class='ocrx_word' id='word_1_60' title='bbox 621 1148 722 1198; x_wconf 80' lang='lat' dir='ltr'><strong>aetate</strong></span> <span class='ocrx_word' id='word_1_61' title='bbox 746 1139 902 1216; x_wconf 86' lang='lat' dir='ltr'><strong>proximus</strong></span> <span class='ocrx_word' id='word_1_62' title='bbox 928 1140 967 1200; x_wconf 78' lang='lat' dir='ltr'><strong>de</strong></span> <span class='ocrx_word' id='word_1_63' title='bbox 997 1140 1033 1198; x_wconf 88' lang='lat' dir='ltr'><strong>iis</strong></span> 
     </span>
     <span class='ocr_line' id='line_1_10' title="bbox 136 1242 1033 1320; baseline 0.003 -21"><span class='ocrx_word' id='word_1_64' title='bbox 136 1251 191 1320; x_wconf 87' lang='lat' dir='ltr'><strong>qui</strong></span> <span class='ocrx_word' id='word_1_65' title='bbox 206 1242 327 1302; x_wconf 80' lang='lat' dir='ltr'><strong>illorum</strong></span> <span class='ocrx_word' id='word_1_66' title='bbox 342 1253 514 1320; x_wconf 90' lang='lat' dir='ltr'><strong>temporum</strong></span> <span class='ocrx_word' id='word_1_67' title='bbox 529 1243 687 1309; x_wconf 87' lang='lat' dir='ltr'><strong>historiam</strong></span> <span class='ocrx_word' id='word_1_68' title='bbox 703 1244 899 1319; x_wconf 78' lang='lat' dir='ltr'><strong>reliquerunt,</strong></span> <span class='ocrx_word' id='word_1_69' title='bbox 911 1252 942 1301; x_wconf 93' lang='lat' dir='ltr'><strong>et</strong></span> <span class='ocrx_word' id='word_1_70' title='bbox 957 1243 1033 1302; x_wconf 77' lang='lat' dir='ltr'><strong>eius-</strong></span> 
     </span>
     <span class='ocr_line' id='line_1_11' title="bbox 135 1346 1081 1406; baseline 0 0"><span class='ocrx_word' id='word_1_71' title='bbox 135 1347 209 1406; x_wconf 91' lang='lat' dir='ltr'><strong>dem</strong></span> <span class='ocrx_word' id='word_1_72' title='bbox 224 1346 357 1405; x_wconf 78' lang='lat' dir='ltr'><strong>civitatis</strong></span> <span class='ocrx_word' id='word_1_73' title='bbox 372 1346 439 1405; x_wconf 83' lang='lat' dir='ltr'><strong>fuit.</strong></span> <span class='ocrx_word' id='word_1_74' title='bbox 478 1349 510 1405; x_wconf 92' lang='lat' dir='ltr'><strong>ls</strong></span> <span class='ocrx_word' id='word_1_75' title='bbox 526 1357 629 1405; x_wconf 89' lang='lat' dir='ltr'><strong>autem</strong></span> <span class='ocrx_word' id='word_1_76' title='bbox 645 1347 687 1405; x_wconf 88' lang='lat' dir='ltr'><strong>ait</strong></span> <span class='ocrx_word' id='word_1_77' title='bbox 702 1346 742 1406; x_wconf 87' lang='lat' dir='ltr'><strong>ad</strong></span> <span class='ocrx_word' id='word_1_78' title='bbox 758 1349 947 1406; x_wconf 77' lang='lat' dir='ltr'><strong>Artaxerxen</strong></span> <span class='ocrx_word' id='word_1_79' title='bbox 964 1364 1032 1404; x_wconf 90' lang='lat' dir='ltr'><strong>eum</strong></span> <span class='ocrx_word' id='word_1_80' title='bbox 1053 1371 1081 1406; x_wconf 86' lang='lat'><strong>10</strong></span> 
     </span>
     <span class='ocr_line' id='line_1_12' title="bbox 101 1449 1034 1526; baseline -0.006 -14"><span class='ocrx_word' id='word_1_81' title='bbox 101 1461 118 1512; x_wconf 78' lang='lat'>2</span> <span class='ocrx_word' id='word_1_82' title='bbox 134 1449 260 1509; x_wconf 77' lang='lat' dir='ltr'><strong>venisse</strong></span> <span class='ocrx_word' id='word_1_83' title='bbox 281 1459 374 1526; x_wconf 89' lang='lat' dir='ltr'><strong>atque</strong></span> <span class='ocrx_word' id='word_1_84' title='bbox 389 1449 437 1508; x_wconf 90' lang='lat' dir='ltr'><strong>his</strong></span> <span class='ocrx_word' id='word_1_85' title='bbox 452 1450 554 1509; x_wconf 88' lang='lat' dir='ltr'><strong>verbis</strong></span> <span class='ocrx_word' id='word_1_86' title='bbox 577 1449 741 1525; x_wconf 90' lang='lat' dir='ltr'><strong>epistulam</strong></span> <span class='ocrx_word' id='word_1_87' title='bbox 764 1449 904 1508; x_wconf 85' lang='lat' dir='ltr'><strong>misisse:</strong></span> <span class='ocrx_word' id='word_1_88' title='bbox 929 1449 1034 1507; x_wconf 90' lang='lat' dir='ltr'><strong>“The-</strong></span> 
     </span>
     <span class='ocr_line' id='line_1_13' title="bbox 135 1533 1037 1630; baseline -0.002 -19"><span class='ocrx_word' id='word_1_89' title='bbox 135 1553 294 1612; x_wconf 76' lang='lat' dir='ltr'><strong>mistocles</strong></span> <span class='ocrx_word' id='word_1_90' title='bbox 316 1560 387 1612; x_wconf 77' lang='lat' dir='ltr'><strong>veni</strong></span> <span class='ocrx_word' id='word_1_91' title='bbox 409 1553 449 1611; x_wconf 92' lang='lat' dir='ltr'><strong>ad</strong></span> <span class='ocrx_word' id='word_1_92' title='bbox 471 1561 510 1625; x_wconf 76' lang='lat' dir='ltr'><strong>te,</strong></span> <span class='ocrx_word' id='word_1_93' title='bbox 535 1562 587 1630; x_wconf 87' lang='lat' dir='ltr'><strong>qui</strong></span> <span class='ocrx_word' id='word_1_94' title='bbox 613 1552 743 1629; x_wconf 79' lang='lat' dir='ltr'><strong>plurima</strong></span> <span class='ocrx_word' id='word_1_95' title='bbox 768 1553 849 1612; x_wconf 91' lang='lat' dir='ltr'><strong>mala</strong></span> <span class='ocrx_word' id='word_1_96' title='bbox 874 1533 1037 1610; x_wconf 91' lang='lat' dir='ltr'><strong>hominum</strong></span> 
     </span>
     <span class='ocr_line' id='line_1_14' title="bbox 135 1654 1034 1733; baseline -0.003 -17"><span class='ocrx_word' id='word_1_97' title='bbox 135 1655 300 1716; x_wconf 77' lang='lat' dir='ltr'><strong>Graiorum</strong></span> <span class='ocrx_word' id='word_1_98' title='bbox 325 1655 357 1713; x_wconf 90' lang='lat' dir='ltr'><strong>in</strong></span> <span class='ocrx_word' id='word_1_99' title='bbox 383 1655 509 1715; x_wconf 91' lang='lat' dir='ltr'><strong>domum</strong></span> <span class='ocrx_word' id='word_1_100' title='bbox 534 1665 619 1714; x_wconf 92' lang='lat' dir='ltr'><strong>tuam</strong></span> <span class='ocrx_word' id='word_1_101' title='bbox 645 1655 742 1727; x_wconf 79' lang='lat' dir='ltr'><strong>intuli,</strong></span> <span class='ocrx_word' id='word_1_102' title='bbox 767 1675 859 1733; x_wconf 88' lang='lat' dir='ltr'><strong>quam</strong></span> <span class='ocrx_word' id='word_1_103' title='bbox 882 1655 936 1716; x_wconf 80' lang='lat' dir='ltr'><strong>diu</strong></span> <span class='ocrx_word' id='word_1_104' title='bbox 959 1654 1034 1713; x_wconf 92' lang='lat' dir='ltr'><strong>mihi</strong></span> 
     </span>
     <span class='ocr_line' id='line_1_15' title="bbox 135 1757 1035 1836; baseline -0.003 -18"><span class='ocrx_word' id='word_1_105' title='bbox 135 1777 266 1818; x_wconf 90' lang='lat' dir='ltr'><strong>necesse</strong></span> <span class='ocrx_word' id='word_1_106' title='bbox 287 1758 346 1816; x_wconf 83' lang='lat' dir='ltr'><strong>tuit</strong></span> <span class='ocrx_word' id='word_1_107' title='bbox 368 1759 532 1817; x_wconf 90' lang='lat' dir='ltr'><strong>adversum</strong></span> <span class='ocrx_word' id='word_1_108' title='bbox 554 1768 672 1834; x_wconf 87' lang='lat' dir='ltr'><strong>patrem</strong></span> <span class='ocrx_word' id='word_1_109' title='bbox 694 1768 779 1817; x_wconf 93' lang='lat' dir='ltr'><strong>tuum</strong></span> <span class='ocrx_word' id='word_1_110' title='bbox 805 1759 920 1820; x_wconf 75' lang='lat' dir='ltr'><strong>bellare</strong></span> <span class='ocrx_word' id='word_1_111' title='bbox 944 1757 1035 1836; x_wconf 90' lang='lat' dir='ltr'><strong>patri-</strong></span> 
     </span>
     <span class='ocr_line' id='line_1_16' title="bbox 100 1847 1083 1944; baseline -0.008 -18"><span class='ocrx_word' id='word_1_112' title='bbox 100 1876 248 1940; x_wconf 81' lang='lat' dir='ltr'><strong>3amque</strong></span> <span class='ocrx_word' id='word_1_113' title='bbox 271 1847 370 1923; x_wconf 88' lang='lat' dir='ltr'><strong>meam</strong></span> <span class='ocrx_word' id='word_1_114' title='bbox 394 1864 570 1924; x_wconf 76' lang='lat' dir='ltr'><strong>defendere.</strong></span> <span class='ocrx_word' id='word_1_115' title='bbox 617 1856 703 1923; x_wconf 86' lang='lat' dir='ltr'><strong>ldem</strong></span> <span class='ocrx_word' id='word_1_116' title='bbox 726 1865 822 1923; x_wconf 81' lang='lat' dir='ltr'><strong>multo</strong></span> <span class='ocrx_word' id='word_1_117' title='bbox 844 1866 931 1944; x_wconf 87' lang='lat' dir='ltr'><strong>ph&#39;rra</strong></span> <span class='ocrx_word' id='word_1_118' title='bbox 950 1866 1034 1924; x_wconf 92' lang='lat' dir='ltr'><strong>bona</strong></span> <span class='ocrx_word' id='word_1_119' title='bbox 1054 1883 1083 1936; x_wconf 84' lang='lat'><strong>15</strong></span> 
     </span>
     <span class='ocr_line' id='line_1_17' title="bbox 49 1966 1033 2045; baseline 0.002 -19"><span class='ocrx_word' id='word_1_120' title='bbox 49 2018 51 2026; x_wconf 88' lang='grc'><em>,</em></span> <span class='ocrx_word' id='word_1_121' title='bbox 133 1968 205 2040; x_wconf 79' lang='lat' dir='ltr'><strong>teci,</strong></span> <span class='ocrx_word' id='word_1_122' title='bbox 222 1976 388 2045; x_wconf 90' lang='lat' dir='ltr'><strong>postquam</strong></span> <span class='ocrx_word' id='word_1_123' title='bbox 410 1967 442 2025; x_wconf 92' lang='lat' dir='ltr'><strong>in</strong></span> <span class='ocrx_word' id='word_1_124' title='bbox 464 1975 530 2027; x_wconf 78' lang='lat' dir='ltr'><strong>tuto</strong></span> <span class='ocrx_word' id='word_1_125' title='bbox 546 1966 612 2044; x_wconf 92' lang='lat' dir='ltr'><strong>ipse</strong></span> <span class='ocrx_word' id='word_1_126' title='bbox 634 1977 665 2026; x_wconf 91' lang='lat' dir='ltr'><strong>et</strong></span> <span class='ocrx_word' id='word_1_127' title='bbox 686 1967 736 2026; x_wconf 91' lang='lat' dir='ltr'><strong>ille</strong></span> <span class='ocrx_word' id='word_1_128' title='bbox 757 1967 788 2025; x_wconf 92' lang='lat' dir='ltr'><strong>in</strong></span> <span class='ocrx_word' id='word_1_129' title='bbox 809 1968 945 2044; x_wconf 81' lang='lat' dir='ltr'><strong>periculo</strong></span> <span class='ocrx_word' id='word_1_130' title='bbox 964 1988 1033 2028; x_wconf 90' lang='lat' dir='ltr'><strong>esse</strong></span> 
     </span>
     <span class='ocr_line' id='line_1_18' title="bbox 134 2069 1033 2149; baseline 0.001 -19"><span class='ocrx_word' id='word_1_131' title='bbox 134 2069 249 2147; x_wconf 91' lang='lat' dir='ltr'><strong>coepit.</strong></span> <span class='ocrx_word' id='word_1_132' title='bbox 294 2073 375 2129; x_wconf 88' lang='lat' dir='ltr'><strong>Nam</strong></span> <span class='ocrx_word' id='word_1_133' title='bbox 390 2089 460 2130; x_wconf 92' lang='lat' dir='ltr'><strong>cum</strong></span> <span class='ocrx_word' id='word_1_134' title='bbox 482 2071 513 2129; x_wconf 90' lang='lat' dir='ltr'><strong>in</strong></span> <span class='ocrx_word' id='word_1_135' title='bbox 537 2070 644 2129; x_wconf 90' lang='lat' dir='ltr'><strong>Asiam</strong></span> <span class='ocrx_word' id='word_1_136' title='bbox 667 2079 777 2130; x_wconf 80' lang='lat' dir='ltr'><strong>reverti</strong></span> <span class='ocrx_word' id='word_1_137' title='bbox 798 2071 899 2145; x_wconf 90' lang='lat' dir='ltr'><strong>vellet,</strong></span> <span class='ocrx_word' id='word_1_138' title='bbox 916 2072 1033 2149; x_wconf 84' lang='lat' dir='ltr'><strong>proelio</strong></span> 
     </span>
     <span class='ocr_line' id='line_1_19' title="bbox 135 2173 1033 2251; baseline 0.002 -19"><span class='ocrx_word' id='word_1_139' title='bbox 135 2175 221 2251; x_wconf 89' lang='lat' dir='ltr'><strong>apud</strong></span> <span class='ocrx_word' id='word_1_140' title='bbox 238 2174 393 2233; x_wconf 86' lang='lat' dir='ltr'><strong>Salamina</strong></span> <span class='ocrx_word' id='word_1_141' title='bbox 408 2175 491 2233; x_wconf 82' lang='lat' dir='ltr'><strong>facto</strong></span> <span class='ocrx_word' id='word_1_142' title='bbox 509 2173 619 2233; x_wconf 89' lang='lat' dir='ltr'><strong>litteris</strong></span> <span class='ocrx_word' id='word_1_143' title='bbox 641 2193 711 2232; x_wconf 91' lang='lat' dir='ltr'><strong>eum</strong></span> <span class='ocrx_word' id='word_1_144' title='bbox 734 2174 894 2234; x_wconf 81' lang='lat' dir='ltr'><strong>certiorem</strong></span> <span class='ocrx_word' id='word_1_145' title='bbox 915 2175 976 2234; x_wconf 76' lang='lat' dir='ltr'><strong>feci</strong></span> <span class='ocrx_word' id='word_1_146' title='bbox 1002 2175 1033 2234; x_wconf 89' lang='lat' dir='ltr'><strong>id</strong></span> 
     </span>
     <span class='ocr_line' id='line_1_20' title="bbox 135 2276 1033 2354; baseline 0.002 -19"><span class='ocrx_word' id='word_1_147' title='bbox 135 2286 195 2354; x_wconf 83' lang='lat' dir='ltr'><strong>agi,</strong></span> <span class='ocrx_word' id='word_1_148' title='bbox 217 2286 251 2335; x_wconf 93' lang='lat' dir='ltr'><strong>ut</strong></span> <span class='ocrx_word' id='word_1_149' title='bbox 273 2284 352 2353; x_wconf 81' lang='lat' dir='ltr'><strong>pons</strong></span> <span class='ocrx_word' id='word_1_150' title='bbox 368 2296 459 2352; x_wconf 91' lang='lat' dir='ltr'><strong>quem</strong></span> <span class='ocrx_word' id='word_1_151' title='bbox 475 2276 507 2334; x_wconf 91' lang='lat' dir='ltr'><strong>in</strong></span> <span class='ocrx_word' id='word_1_152' title='bbox 525 2277 732 2352; x_wconf 78' lang='lat' dir='ltr'><strong>Hellesponto</strong></span> <span class='ocrx_word' id='word_1_153' title='bbox 747 2277 871 2349; x_wconf 80' lang='lat' dir='ltr'><strong>fecerat,</strong></span> <span class='ocrx_word' id='word_1_154' title='bbox 888 2278 1033 2338; x_wconf 90' lang='lat' dir='ltr'><strong>dissolve-</strong></span> 
     </span>
     <span class='ocr_line' id='line_1_21' title="bbox 135 2379 1085 2458; baseline 0.002 -20"><span class='ocrx_word' id='word_1_155' title='bbox 135 2388 219 2440; x_wconf 77' lang='lat' dir='ltr'><strong>retur</strong></span> <span class='ocrx_word' id='word_1_156' title='bbox 242 2389 333 2457; x_wconf 92' lang='lat' dir='ltr'><strong>atque</strong></span> <span class='ocrx_word' id='word_1_157' title='bbox 356 2381 395 2438; x_wconf 92' lang='lat' dir='ltr'><strong>ab</strong></span> <span class='ocrx_word' id='word_1_158' title='bbox 418 2380 560 2439; x_wconf 90' lang='lat' dir='ltr'><strong>hostibus</strong></span> <span class='ocrx_word' id='word_1_159' title='bbox 586 2379 812 2439; x_wconf 80' lang='lat' dir='ltr'><strong>circumiretur:</strong></span> <span class='ocrx_word' id='word_1_160' title='bbox 840 2388 902 2458; x_wconf 82' lang='lat' dir='ltr'><strong>quo</strong></span> <span class='ocrx_word' id='word_1_161' title='bbox 925 2381 1034 2440; x_wconf 80' lang='lat' dir='ltr'><strong>nuntio</strong></span> <span class='ocrx_word' id='word_1_162' title='bbox 1053 2399 1085 2433; x_wconf 88' lang='lat'><strong>20</strong></span> 
     </span>
     <span class='ocr_line' id='line_1_22' title="bbox 103 2483 1033 2562; baseline 0 -21"><span class='ocrx_word' id='word_1_163' title='bbox 103 2484 187 2542; x_wconf 79' lang='lat' dir='ltr'><strong>4ille</strong></span> <span class='ocrx_word' id='word_1_164' title='bbox 203 2483 340 2561; x_wconf 82' lang='lat' dir='ltr'><strong>periculo</strong></span> <span class='ocrx_word' id='word_1_165' title='bbox 355 2492 403 2542; x_wconf 93' lang='lat' dir='ltr'><strong>est</strong></span> <span class='ocrx_word' id='word_1_166' title='bbox 418 2483 574 2542; x_wconf 78' lang='lat' dir='ltr'><strong>liberatus.</strong></span> <span class='ocrx_word' id='word_1_167' title='bbox 621 2485 712 2540; x_wconf 90' lang='lat' dir='ltr'><strong>Nunc</strong></span> <span class='ocrx_word' id='word_1_168' title='bbox 733 2493 834 2542; x_wconf 89' lang='lat' dir='ltr'><strong>autem</strong></span> <span class='ocrx_word' id='word_1_169' title='bbox 855 2484 979 2562; x_wconf 75' lang='lat' dir='ltr'><strong>confugi</strong></span> <span class='ocrx_word' id='word_1_170' title='bbox 994 2485 1033 2542; x_wconf 90' lang='lat' dir='ltr'><strong>ad</strong></span> 
     </span>
     <span class='ocr_line' id='line_1_23' title="bbox 136 2585 1035 2664; baseline -0.001 -17"><span class='ocrx_word' id='word_1_171' title='bbox 136 2595 167 2647; x_wconf 75' lang='lat' dir='ltr'><strong>te</strong></span> <span class='ocrx_word' id='word_1_172' title='bbox 183 2585 356 2663; x_wconf 77' lang='lat' dir='ltr'><strong>exagitatus</strong></span> <span class='ocrx_word' id='word_1_173' title='bbox 371 2595 390 2645; x_wconf 78' lang='lat' dir='ltr'><strong>a</strong></span> <span class='ocrx_word' id='word_1_174' title='bbox 403 2595 514 2645; x_wconf 77' lang='lat' dir='ltr'><strong>concta</strong></span> <span class='ocrx_word' id='word_1_175' title='bbox 537 2587 677 2660; x_wconf 76' lang='lat' dir='ltr'><strong>Graecia,</strong></span> <span class='ocrx_word' id='word_1_176' title='bbox 693 2597 779 2646; x_wconf 90' lang='lat' dir='ltr'><strong>tuam</strong></span> <span class='ocrx_word' id='word_1_177' title='bbox 801 2596 910 2664; x_wconf 80' lang='lat' dir='ltr'><strong>petens</strong></span> <span class='ocrx_word' id='word_1_178' title='bbox 933 2588 1035 2646; x_wconf 85' lang='lat' dir='ltr'><strong>amici-</strong></span> 
     </span>
     <span class='ocr_line' id='line_1_24' title="bbox 138 2690 1064 2767; baseline -0.003 -17"><span class='ocrx_word' id='word_1_179' title='bbox 138 2691 229 2750; x_wconf 91' lang='lat' dir='ltr'><strong>tiam:</strong></span> <span class='ocrx_word' id='word_1_180' title='bbox 254 2710 344 2766; x_wconf 91' lang='lat' dir='ltr'><strong>quam</strong></span> <span class='ocrx_word' id='word_1_181' title='bbox 365 2700 391 2750; x_wconf 88' lang='lat' dir='ltr'><strong>si</strong></span> <span class='ocrx_word' id='word_1_182' title='bbox 411 2699 464 2750; x_wconf 80' lang='lat' dir='ltr'><strong>ero</strong></span> <span class='ocrx_word' id='word_1_183' title='bbox 482 2690 622 2767; x_wconf 73' lang='lat' dir='ltr'><strong>adeptus</strong></span> <span class='ocrx_word' id='word_1_184' title='bbox 640 2698 701 2750; x_wconf 84' lang='lat' dir='ltr'><strong>non</strong></span> <span class='ocrx_word' id='word_1_185' title='bbox 725 2691 825 2748; x_wconf 90' lang='lat' dir='ltr'><strong>minus</strong></span> <span class='ocrx_word' id='word_1_186' title='bbox 848 2699 896 2750; x_wconf 75' lang='lat' dir='ltr'><strong>me</strong></span> <span class='ocrx_word' id='word_1_187' title='bbox 918 2692 1034 2750; x_wconf 91' lang='lat' dir='ltr'><strong>bonum</strong></span> <span class='ocrx_word' id='word_1_188' title='bbox 1060 2753 1064 2760; x_wconf 57' lang='grc'>,</span> 
     </span>
     <span class='ocr_line' id='line_1_25' title="bbox 137 2793 1035 2870; baseline 0 -18"><span class='ocrx_word' id='word_1_189' title='bbox 137 2804 270 2853; x_wconf 90' lang='lat' dir='ltr'><strong>amicum</strong></span> <span class='ocrx_word' id='word_1_190' title='bbox 286 2794 415 2853; x_wconf 75' lang='lat' dir='ltr'><strong>habebis</strong></span> <span class='ocrx_word' id='word_1_191' title='bbox 431 2813 525 2870; x_wconf 90' lang='lat' dir='ltr'><strong>quam</strong></span> <span class='ocrx_word' id='word_1_192' title='bbox 536 2794 648 2853; x_wconf 85' lang='lat' dir='ltr'><strong>fortem</strong></span> <span class='ocrx_word' id='word_1_193' title='bbox 660 2793 815 2852; x_wconf 87' lang='lat' dir='ltr'><strong>inimicum</strong></span> <span class='ocrx_word' id='word_1_194' title='bbox 828 2794 878 2852; x_wconf 92' lang='lat' dir='ltr'><strong>ille</strong></span> <span class='ocrx_word' id='word_1_195' title='bbox 891 2804 1035 2870; x_wconf 88' lang='lat' dir='ltr'><strong>expertus</strong></span> 
     </span>
     <span class='ocr_line' id='line_1_26' title="bbox 137 2897 1084 2976; baseline -0.003 -18"><span class='ocrx_word' id='word_1_196' title='bbox 137 2907 194 2958; x_wconf 90' lang='lat' dir='ltr'><strong>est.</strong></span> <span class='ocrx_word' id='word_1_197' title='bbox 250 2897 296 2956; x_wconf 78' lang='lat' dir='ltr'><strong>Te</strong></span> <span class='ocrx_word' id='word_1_198' title='bbox 319 2906 421 2956; x_wconf 91' lang='lat' dir='ltr'><strong>autem</strong></span> <span class='ocrx_word' id='word_1_199' title='bbox 443 2905 527 2976; x_wconf 80' lang='lat' dir='ltr'><strong>rogo,</strong></span> <span class='ocrx_word' id='word_1_200' title='bbox 544 2907 578 2956; x_wconf 94' lang='lat' dir='ltr'><strong>ut</strong></span> <span class='ocrx_word' id='word_1_201' title='bbox 599 2897 638 2956; x_wconf 77' lang='lat' dir='ltr'><strong>de</strong></span> <span class='ocrx_word' id='word_1_202' title='bbox 660 2897 697 2955; x_wconf 90' lang='lat' dir='ltr'><strong>iis</strong></span> <span class='ocrx_word' id='word_1_203' title='bbox 719 2897 811 2956; x_wconf 84' lang='lat' dir='ltr'><strong>rebus</strong></span> <span class='ocrx_word' id='word_1_204' title='bbox 833 2906 911 2973; x_wconf 78' lang='lat' dir='ltr'><strong>quas</strong></span> <span class='ocrx_word' id='word_1_205' title='bbox 933 2904 1034 2956; x_wconf 82' lang='lat' dir='ltr'><strong>tecum</strong></span> <span class='ocrx_word' id='word_1_206' title='bbox 1054 2913 1084 2964; x_wconf 83' lang='lat'><strong>²5</strong></span> 
     </span>
    </p>
   </div>
   <div class='ocr_carea' id='block_1_3' title="bbox 138 3069 1036 3386">
    <p class='ocr_par' dir='ltr' id='par_1_3' title="bbox 138 3069 1036 3386">
     <span class='ocr_line' id='line_1_27' title="bbox 182 3069 1036 3135; baseline 0 -16"><span class='ocrx_word' id='word_1_207' title='bbox 182 3084 192 3119; x_wconf 96' lang='lat'>1</span> <span class='ocrx_word' id='word_1_208' title='bbox 208 3073 315 3135; x_wconf 77' lang='lat' dir='ltr'><strong>captur,</strong></span> <span class='ocrx_word' id='word_1_209' title='bbox 324 3074 463 3133; x_wconf 71' lang='lat' dir='ltr'><strong>permotus.</strong></span> <span class='ocrx_word' id='word_1_210' title='bbox 473 3083 532 3133; x_wconf 87' lang='lat'><strong>-3</strong></span> <span class='ocrx_word' id='word_1_211' title='bbox 546 3077 643 3134; x_wconf 70' lang='lat' dir='ltr'><strong>pasius</strong></span> <span class='ocrx_word' id='word_1_212' title='bbox 655 3072 708 3135; x_wconf 86' lang='lat' dir='ltr'><strong>est,</strong></span> <span class='ocrx_word' id='word_1_213' title='bbox 716 3070 843 3133; x_wconf 75' lang='lat' dir='ltr'><strong>permisit.</strong></span> <span class='ocrx_word' id='word_1_214' title='bbox 853 3083 909 3130; x_wconf 90' lang='lat'><strong>-7</strong></span> <span class='ocrx_word' id='word_1_215' title='bbox 923 3069 1036 3134; x_wconf 83' lang='lat' dir='ltr'><strong>potissi-</strong></span> 
     </span>
     <span class='ocr_line' id='line_1_28' title="bbox 138 3152 1036 3218; baseline -0.006 -14"><span class='ocrx_word' id='word_1_216' title='bbox 138 3159 223 3218; x_wconf 81' lang='lat' dir='ltr'><strong>mu&#39;m,</strong></span> <span class='ocrx_word' id='word_1_217' title='bbox 240 3154 362 3202; x_wconf 70' lang='lat' dir='ltr'><strong>mdximi.</strong></span> <span class='ocrx_word' id='word_1_218' title='bbox 371 3181 403 3189; x_wconf 90' lang='lat'><strong>—-</strong></span> <span class='ocrx_word' id='word_1_219' title='bbox 417 3167 447 3201; x_wconf 90' lang='lat'><strong>10</strong></span> <span class='ocrx_word' id='word_1_220' title='bbox 463 3152 514 3217; x_wconf 77' lang='lat' dir='ltr'><strong>ait,</strong></span> <span class='ocrx_word' id='word_1_221' title='bbox 531 3153 606 3200; x_wconf 72' lang='lat' dir='ltr'><strong>dicit..</strong></span> <span class='ocrx_word' id='word_1_222' title='bbox 618 3182 652 3190; x_wconf 90' lang='lat'>—</span> <span class='ocrx_word' id='word_1_223' title='bbox 663 3166 689 3200; x_wconf 89' lang='lat'><strong>11</strong></span> <span class='ocrx_word' id='word_1_224' title='bbox 710 3152 868 3218; x_wconf 75' lang='lat' dir='ltr'><strong>epistulam,</strong></span> <span class='ocrx_word' id='word_1_225' title='bbox 887 3154 993 3201; x_wconf 69' lang='lat' dir='ltr'><strong>litteras.</strong></span> <span class='ocrx_word' id='word_1_226' title='bbox 1002 3180 1036 3188; x_wconf 94' lang='lat'><em>-</em></span> 
     </span>
     <span class='ocr_line' id='line_1_29' title="bbox 141 3224 1022 3302; baseline 0.001 -17"><span class='ocrx_word' id='word_1_227' title='bbox 141 3251 170 3298; x_wconf 89' lang='lat'><strong>14</strong></span> <span class='ocrx_word' id='word_1_228' title='bbox 187 3238 342 3301; x_wconf 80' lang='lat' dir='ltr'><strong>adversum,</strong></span> <span class='ocrx_word' id='word_1_229' title='bbox 360 3243 455 3284; x_wconf 83' lang='lat' dir='ltr'><strong>contra&#39;.</strong></span> <span class='ocrx_word' id='word_1_230' title='bbox 465 3236 617 3302; x_wconf 71' lang='lat' dir='ltr'><strong>-bellire,</strong></span> <span class='ocrx_word' id='word_1_231' title='bbox 633 3237 723 3286; x_wconf 84' lang='lat' dir='ltr'><strong>bellum</strong></span> <span class='ocrx_word' id='word_1_232' title='bbox 735 3252 829 3300; x_wconf 84' lang='lat' dir='ltr'><strong>gerere.</strong></span> <span class='ocrx_word' id='word_1_233' title='bbox 839 3264 872 3272; x_wconf 96' lang='lat'>-</span> <span class='ocrx_word' id='word_1_234' title='bbox 883 3250 912 3286; x_wconf 88' lang='lat'><strong>22</strong></span> <span class='ocrx_word' id='word_1_235' title='bbox 928 3224 1022 3287; x_wconf 69' lang='lat' dir='ltr'><strong>cuncti</strong></span> 
     </span>
     <span class='ocr_line' id='line_1_30' title="bbox 139 3317 603 3386; baseline -0.004 -17"><span class='ocrx_word' id='word_1_236' title='bbox 139 3322 268 3370; x_wconf 68' lang='lat' dir='ltr'><strong>universa.</strong></span> <span class='ocrx_word' id='word_1_237' title='bbox 278 3348 312 3356; x_wconf 95' lang='lat'>-</span> <span class='ocrx_word' id='word_1_238' title='bbox 322 3333 352 3384; x_wconf 85' lang='lat'><strong>²3</strong></span> <span class='ocrx_word' id='word_1_239' title='bbox 367 3317 492 3386; x_wconf 82' lang='lat' dir='ltr'><strong>adeptus,</strong></span> <span class='ocrx_word' id='word_1_240' title='bbox 507 3327 603 3368; x_wconf 83' lang='lat' dir='ltr'><strong>nactus.</strong></span> 
     </span>
    </p>
   </div>
   <div class='ocr_carea' id='block_1_4' title="bbox 0 0 1242 3712">
    <p class='ocr_par' dir='ltr' id='par_1_4' title="bbox 0 0 1242 3712">
     <span class='ocr_line' id='line_1_31' title="bbox 0 0 1242 3712; baseline 0 1"><span class='ocrx_word' id='word_1_241' title='bbox 0 0 1242 3712; x_wconf 95' lang='lat' dir='ltr'><strong> </strong></span> 
     </span>
    </p>
   </div>
  </div>
 </body>
</html>
