2476 3712
370 179 667 252 THEMISTOCLES.
706 193 728 237 2,
742 193 765 244 3,
779 195 801 240 4.
1002 180 1032 232 11

131 368 206 408 esse
230 347 385 424 Apollinis
408 347 494 406 utin
518 353 614 406 naves
640 354 673 406 se
697 366 814 423 suaque
837 348 1032 409 conferrent:

34 517 37 522 ,
96 464 205 514 8eum
227 451 309 510 enim
327 459 346 510 a
365 452 424 510 deo
447 449 613 526 significari
635 460 754 509 murum
775 451 919 527 ligneum.
963 451 1034 510 Tali

132 554 266 614 consilio
281 554 413 631 probato
428 553 547 612 addunt
560 553 597 611 ad
611 553 784 629 superiores
796 553 925 612 totidem
938 562 1032 614 naves

132 659 282 729 triremes
296 675 414 733 suaque
426 655 529 714 omnia
541 675 621 732 quae
633 662 748 714 moveri
760 665 911 732 poterant,
921 657 1033 733 partim

134 761 302 832 Salamina,
319 759 430 835 partim
445 759 604 817 Troezena
620 759 801 834 deportant:
818 777 920 818 arcem
935 779 1033 819 sacer·
1069 777 1083 830 5

48 851 53 858 ’
132 863 453 939 dotibuspaucisque
476 861 643 921 maioribus
665 869 740 920 nata
760 862 800 919 ad
820 880 907 920 sacra
927 871 1033 940 preca·
1119 845 1122 852 ⁵

132 967 233 1025 randa
248 964 382 1038 tradunt,
399 964 549 1041 reliquum
565 963 713 1040 oppidum
728 964 913 1041 relinquunt.

91 1069 114 1130 3
178 1069 281 1128 Heius
296 1067 458 1127 consilium
474 1068 628 1144 plerisque
649 1066 825 1126 civitatibus
848 1067 1033 1145 displicebat

132 1183 165 1232 et
188 1173 220 1230 in
243 1181 324 1231 terra
345 1169 484 1230 dimicari
506 1171 604 1248 magis
623 1171 774 1248 placebat.
820 1174 930 1250 Itaque
946 1181 1033 1232 missi

133 1286 208 1336 sunt
227 1276 339 1335 delecti
362 1293 432 1332 cum
452 1274 600 1347 Leonida,
618 1275 935 1336 Lacedaemoniorum
949 1283 1030 1354 rege,
1052 1301 1082 1337 10
1139 1266 1141 1270 ¹

133 1388 187 1457 qui
211 1380 239 1437 T
241 1367 435 1457 hermopylas
461 1386 649 1454 occuparent
675 1357 859 1456 longiusque
882 1380 1032 1440 barbaros

133 1483 278 1561 progredi
293 1489 355 1541 non
371 1490 557 1558 paterentur.
596 1483 624 1539 Ii
639 1481 700 1540 vim
714 1481 850 1540 hostium
865 1490 928 1542 nen
944 1483 1032 1543 susti·

98 1595 115 1644 2
133 1594 268 1646 nuerunt
290 1593 389 1663 eaque
411 1587 480 1645 lo'ca
500 1594 608 1647 omnes
631 1587 821 1648 interierunt.
865 1592 908 1648 At
923 1587 1032 1648 classis

132 1691 306 1750 commanis
336 1691 485 1750 Graeciae
517 1701 723 1752 trecentarum
752 1692 885 1766 navium,
913 1692 945 1750 in
970 1700 1032 1769 qua

132 1795 287 1856 ducentae
310 1804 398 1854 erant
420 1795 665 1870 Atheniensium,
687 1805 818 1873 primum
841 1796 923 1873 apud
946 1798 1033 1855 Arte
1053 1817 1082 1870 15

65 1971 69 1979 .
133 1898 258 1958 mislum
274 1898 354 1958 inter
370 1900 527 1958 Euboeam
548 1899 820 1978 continentemque
836 1910 948 1959 terram
962 1918 1033 1958 cum

133 2002 302 2062 classiariis
324 2003 415 2080 regiis
438 2003 584 2062 conflixit.
629 2003 798 2081 Angustias
814 2002 896 2062 enim
912 2002 1035 2062 Themi-

99 2108 116 2159 3
134 2107 250 2166 stocles
267 2107 444 2182 quaerebat,
461 2114 500 2165 ne
515 2105 710 2166 multitadine
726 2106 943 2167 circumiretur.
970 2107 1033 2164 Hic

134 2218 194 2268 etsi
209 2217 276 2285 pari
290 2209 407 2287 proelio
422 2209 639 2282 discesserant,
651 2219 754 2268 tamen
767 2211 877 2269 eodem
889 2210 958 2269 loco
970 2216 1033 2268 non

135 2322 209 2372 sunt
232 2321 298 2372 ausi
321 2320 452 2385 manere,
470 2313 553 2390 quod
575 2321 640 2371 erat
660 2314 828 2389 periculum
849 2321 896 2386 ne,
914 2321 940 2372 si
961 2331 1033 2388 pars
1053 2333 1083 2368 20

136 2416 260 2476 navium
276 2415 519 2475 adversariarum
533 2397 691 2475 Euboeam
707 2425 893 2492 superasset,
906 2415 1033 2493 ancipiti

100 2525 118 2573 4
135 2528 348 2595 premerentur
368 2520 513 2596 pericula.
559 2520 630 2593 Qua
649 2520 828 2578 factumest
844 2528 877 2577 ut
893 2519 931 2577 ab
948 2521 1034 2578 Arte-

135 2622 225 2682 misio
255 2622 452 2681 discederent
481 2631 512 2680 et
541 2623 744 2682 exadversum
776 2622 918 2681 Athenas
952 2622 1033 2699 apud

137 2726 295 2785 Salamina
310 2725 441 2783 classem
457 2743 544 2783 suam
560 2725 792 2784 constituerent.

96 2828 120 2885 4
178 2832 221 2888 At
258 2830 376 2886 Xerxes
412 2828 627 2906 Thermopylis
668 2837 850 2906 expagnatis
893 2827 1033 2904 pretinus
1053 2845 1084 2898 25

135 2930 270 2991 accessit
285 2940 355 2990 asta
369 2930 472 3007 idque,
489 2932 581 2990 nallis
597 2931 846 3004 defendentibus
863 2930 1033 2991 interfectis

175 3099 189 3150 3
202 3083 366 3149 superieres,
372 3085 481 3145 prioris.
489 3110 523 3118 —
533 3097 559 3130 11
574 3084 744 3148 occuparent,
754 3089 912 3132 tenerent.-
923 3097 951 3132 12
964 3083 1033 3149 vim,

134 3168 404 3228 multitrede'nem.—-17
412 3165 570 3234 classiarii,
578 3169 654 3228 capras
661 3166 870 3215 navalibus-18
876 3168 1033 3233 quaerebat,

128 3253 236 3324 petebat,
246 3249 482 3318 -circumiretur,
497 3249 666 3301 clauderetur.
677 3277 710 3286 -
719 3248 752 3301 26
763 3247 927 3318 interfectis,
940 3255 1033 3302 occare.
