2476 3712
336 255 338 260 .
400 220 633 270 nrcrsmnus.
667 233 691 284 9,
705 234 743 270 ιο.
986 221 1021 274 39

81 392 98 442 5
116 387 246 448 tetiene.
293 388 355 447 Sed
370 387 497 446 videbat
515 387 547 447 id
565 387 632 448 sine
646 391 721 466 iege
738 391 831 448 Perse
847 395 910 448 nen
925 408 1018 465 posse

116 491 192 564 lieri,
220 490 353 566 ideeque
379 510 449 549 eum
475 500 607 550 amicum
633 490 692 550 sibi
718 491 864 567 cupiebat
892 491 1019 570 adiungi

117 612 219 669 neque
245 593 410 653 dubitebat
432 593 523 653 facile
548 600 581 654 se
604 600 848 669 censeciittirum,
874 602 901 654 si
924 595 1017 654 modo

116 697 183 755 eius
192 695 401 756 conveniundi
410 697 571 756 habuisset
580 706 774 774 potestetem.
812 699 892 757 Nam
903 700 1017 778 Cyrum

79 781 80 786 ἵ
115 799 242 858 fretrcm
257 809 287 859 ei
301 800 416 859 bellum
436 801 516 859 clam
535 809 644 877 parere
661 801 917 860 Lacedaemoniis
932 801 1016 861 adiu·
1052 816 1065 870 5

116 902 262 962 vantibus
278 903 417 962 sciebat:
440 903 472 962 id
494 912 521 962 si
543 903 723 980 aperuisset,
740 911 884 982 magnam
906 911 940 965 se
961 904 1015 963 ini-

115 1015 217 1065 turum
232 1005 361 1083 gretiam
376 1005 511 1066 videbat.

67 1103 114 1164 10
159 1111 233 1168 Hec
252 1127 322 1168 curn
343 1109 499 1168 meliretur
520 1119 699 1187 peteretque
717 1119 737 1169 e
757 1111 959 1171 Pharnabazi>
981 1121 1015 1172 ut

116 1211 157 1270 ad
179 1219 282 1288 regem
305 1211 483 1285 mitteretur,
506 1213 618 1272 eedem
639 1222 777 1290 tempore
801 1213 914 1273 Critiais
936 1221 1015 1274 cete

115 1323 202 1390 rique
221 1324 345 1393 tyranni
363 1315 600 1374 Atheniensium
621 1324 723 1376 certes
742 1316 883 1376 homines
902 1318 942 1376 ad
957 1319 1014 1396 Ly·
1033 1341 1063 1376 10

116 1418 265 1500 sandrum
293 1417 334 1475 in
351 1417 458 1478 Asiam
489 1427 644 1491 miserant,
672 1427 725 1495 qui
753 1438 824 1478 eum
851 1420 1014 1480 certierem

114 1521 263 1593 facerent,
290 1520 350 1579 nisi
374 1520 569 1580 Alcibiadem
596 1522 780 1594 sustulisset,
805 1521 882 1580 nihil
907 1532 1012 1582 cerum

114 1630 216 1682 rerum
233 1624 300 1682 fore
323 1632 423 1684 ratum
444 1633 521 1700 quais
542 1623 607 1701 ipse
626 1626 758 1685 Athenis
778 1625 1012 1686 eenstituisset:

115 1734 218 1802 quere,
237 1736 263 1786 si
285 1735 358 1786 suas
380 1733 429 1786 res
451 1736 556 1804 gestes
579 1736 702 1787 manere
723 1728 823 1802 vellet,
841 1729 925 1788 illum
947 1749 1013 1807 per-

80 1837 97 1887 2
114 1836 301 1905 sequeretur.
336 1831 395 1888 His
411 1831 495 1889 Lace
509 1831 601 1890 rebus
617 1839 788 1891 commetus
803 1832 912 1892 statuit
926 1844 1012 1893 accir-
1031 1853 1061 1907 15

114 1932 212 1991 retius
234 1933 294 1991 sibi
317 1934 470 2010 agendum
492 1953 561 1993 cum
583 1935 793 1995 Pharnabaze.
839 1936 924 1996 Huic
938 1945 1012 2014 erge
1096 1938 1098 1942 ’

113 2035 271 2094 renuntiat
286 2055 364 2112 quae
382 2043 446 2113 regi
464 2055 533 2095 cum
550 2038 804 2098 Lacedaemoniis
820 2049 934 2113 esseut,
950 2040 1011 2098 nisi

114 2138 309 2198 Alcibiadem
338 2149 440 2198 vivum
470 2149 523 2198 aut
551 2150 704 2199 mortuum
733 2126 792 2200 sibi
822 2143 1009 2202 tredidisset.

79 2246 96 2296 3
114 2244 186 2301 Neu
202 2241 272 2301 tulit
286 2244 369 2301 hunc
385 2250 523 2320 satrapes
539 2253 570 2302 et
584 2243 698 2303 violere
711 2245 906 2304 clementiam
918 2266 1010 2322 quam

112 2344 193 2422 regis
209 2351 285 2421 opes
301 2345 396 2403 minui
412 2329 527 2405 meluit.
573 2349 684 2423 Itaque
699 2347 782 2407 misit
799 2349 1011 2409 Susamithren
1029 2371 1061 2406 20

112 2457 143 2506 et
160 2450 316 2524 Bagaeum
333 2449 373 2507 ad
389 2447 583 2507 Alcibiadem
604 2449 858 2525 interficiendum,
875 2471 944 2512 cum
959 2453 1010 2512 ille

112 2560 196 2610 esset
225 2551 257 2608 in
289 2551 422 2629 Phrygii
453 2551 570 2628 iterque
604 2553 643 2611 ad
676 2560 779 2630 regem
808 2565 1008 2632 compareret.

76 2662 94 2711 4
113 2655 205 2713 Missi
227 2654 306 2712 clam
329 2654 481 2713 vicinitaiti
509 2655 540 2712 in
563 2664 624 2730 quai
646 2665 710 2714 tum
734 2656 912 2717 Alcibiades
934 2669 1008 2732 erat,

111 2756 188 2816 dant
211 2756 368 2834 negetium
391 2767 424 2816 ut
447 2775 517 2815 eum
540 2757 734 2818 interficiant.
780 2760 829 2818 Illi
845 2779 914 2820 cum
928 2762 1010 2822 ferre

110 2860 238 2937 aggredi
254 2867 317 2919 nen
333 2860 490 2933 auderent,
509 2870 603 2919 noctu
621 2861 703 2938 ligha
718 2863 913 2922 contulerunt
928 2863 1010 2924 circe
1028 2884 1059 2937 25

142 3056 158 3102 4
179 3043 357 3108 potentitem,
378 3043 601 3090 eccesiam-6
624 3044 785 3110 aperuisset,
803 3047 1010 3110 patefecisset.-

107 3123 123 3173 8
150 3125 301 3190 metiretur,
320 3130 488 3187 compararet.
501 3153 535 3161 -—
549 3139 577 3172 12
606 3126 775 3192 sustulisset,
794 3128 964 3192 interficisset.
976 3157 1010 3166 -

110 3221 142 3272 13
159 3210 260 3273 ratum,
273 3213 397 3256 canstuns.
406 3235 439 3244 --
448 3221 479 3256 20
497 3207 605 3272 maluit,
619 3212 808 3271 anteposuit-
817 3224 848 3270 24
861 3211 1008 3279 negetium,

108 3299 220 3356 operam.
