2476 3712
402 203 687 252 EPAMINONDAS.
722 217 746 264 7,
757 204 782 252 8.
1008 204 1050 258 49·

134 375 255 435 diritius
289 370 470 431 retinuisset
503 389 596 447 quam
628 371 695 446 lege
725 373 922 446 praefinitum
952 375 1038 433 foret

134 476 231 536 Hanc
248 474 484 552 Epaminondes
498 492 570 532 cum
587 483 632 531 rei
649 474 791 550 poblicae
809 478 1040 537 conservandae

132 589 231 640 cause
247 580 343 637 letam
357 576 485 649 videret,
503 576 544 635 ad
558 577 726 654 perniciem
746 579 880 638 civitetis
901 581 1040 640 conferre
1103 613 1106 618 ·

133 683 235 743 noluit
258 691 289 740 et
308 689 455 758 quattuor
474 680 634 740 mensibus
657 680 771 740 diotius
794 701 886 757 quam
908 684 1040 760 populus

133 789 278 860 insserat‚
294 787 393 864 gessit
412 787 582 863 imperium.
1075 804 1089 858 5

94 897 119 958 8
177 894 351 968 Postquam
366 890 493 949 domurn
507 889 640 948 reditum
655 897 712 961 est,
729 888 877 966 conlegae
896 877 962 948 eius
981 891 1039 949 hoc

133 994 264 1054 crimine
298 993 535 1052 accusabantur.
594 991 717 1068 Quibus
747 991 798 1050 ille
833 992 973 1068 permisit
1006 1003 1039 1053 ut

133 1116 262 1164 omnem
292 1115 419 1156 causam
450 1096 481 1152 in
511 1103 545 1154 se
571 1095 773 1155 trainsterrent
799 1104 916 1173 sueque
945 1088 1052 1171 opere*

133 1202 254 1260 factum
269 1198 496 1259 contenderent
510 1208 544 1257 ut
565 1195 625 1275 legi
644 1205 707 1257 non
730 1198 923 1258 oboedirent.
967 1200 1038 1274 Que

134 1305 320 1365 defensione
342 1303 404 1360 illis
427 1302 565 1378 periculo
587 1293 725 1361 liberetis
749 1309 840 1362 nemo
855 1305 1039 1379 Epaminon·
1059 1329 1088 1363 10

134 1409 208 1467 dam
229 1415 449 1484 responsurum
470 1405 609 1482 putabat,
626 1404 719 1482 quod,
738 1405 814 1483 quid
829 1406 953 1479 diceret,
974 1413 1037 1466 non

97 1511 273 1573 ahaberet.
331 1513 375 1568 At
401 1508 452 1566 ille
479 1508 510 1565 in
538 1487 685 1566 indicium
710 1508 802 1582 venit,
830 1508 907 1566 nihil
932 1517 1037 1568 eorum

135 1614 261 1691 negevit
287 1631 366 1690 quae
388 1611 557 1671 adversarii
577 1610 697 1670 crimini
723 1610 848 1685 dabant,
872 1606 1037 1690 omniaque

135 1738 215 1796 quae
238 1719 386 1795 conlegae
409 1719 559 1789 dixerant,
577 1716 739 1775 confessus
761 1726 809 1776 est
831 1735 932 1794 neque
956 1729 1038 1777 recn-

134 1823 217 1883 sevit
239 1830 302 1900 quo
324 1823 426 1882 minus
449 1823 525 1900 legis
550 1841 684 1900 poenam
708 1822 833 1896 subiret,
861 1822 918 1881 sed
942 1833 1086 1898 nnum15

134 1927 175 1985 ab
205 1927 242 1984 iis
272 1925 390 2003 petivit,
422 1936 456 1984 ut
491 1927 523 1985 in
556 1926 698 2002 sepulcro
727 1933 784 1985 suo
813 1927 1035 1986 inscriberent:
1063 1923 1065 1930 '

99 2030 400 2107 3“Epaminondes
429 2037 448 2088 ai
480 2030 640 2089 Thebanis
675 2038 773 2088 morte
803 2030 949 2089 multetus
979 2039 1034 2102 est,

134 2133 220 2211 quod
242 2141 297 2192 eos
323 2133 425 2210 coegit
452 2134 534 2210 apud
558 2135 690 2193 Leuctra
712 2141 856 2209 superere
883 2132 1036 2193 Lacedae-

135 2241 266 2313 monios
290 2247 370 2316 quos
393 2247 464 2297 ante
489 2245 522 2297 se
544 2237 759 2314 imperatorem
782 2245 873 2299 nemo
897 2240 1036 2300 Boeotio

100 2353 118 2402 4
135 2363 201 2402 rum
218 2363 312 2402 ausus
328 2343 369 2402 sit
385 2343 524 2419 aspicere
541 2343 571 2401 in
589 2342 664 2414 acie,
681 2344 825 2418 quodque
841 2351 902 2404 imo
917 2344 1035 2420 proelio
1054 2366 1085 2402 20

136 2455 199 2506 non
222 2447 322 2506 solum
344 2446 471 2505 Thebes
494 2447 534 2505 ab
557 2446 680 2504 interito
701 2447 836 2519 retinxit,
860 2448 916 2507 sed
942 2448 1049 2527 etiam¹

135 2551 310 2610 nniversam
326 2549 489 2610 Graeciam
511 2549 542 2607 in
564 2550 736 2609 libertetem
751 2549 920 2611 vindicavit
936 2558 1034 2627 eoque

135 2663 183 2714 res
207 2661 406 2729 utrorumque
428 2652 571 2729 perduxit
594 2663 627 2712 ut
649 2654 792 2712 Thebeni
820 2656 960 2730 Spartam
984 2673 1034 2731 op-

135 2766 318 2835 pugnarent,
352 2755 592 2815 Lacedaemonii
619 2756 694 2838 satis
723 2758 873 2816 haberent
902 2768 928 2817 si
944 2758 1035 2817 ¹salvi

103 2863 206 2920 nesse
235 2868 373 2937 possent,
402 2878 503 2935 neque
533 2859 617 2935 prius
647 2859 761 2918 bellare
791 2859 909 2920 destitit
942 2880 1033 2938 quam
1053 2880 1084 2934 ²5

176 3065 190 3114 7
221 3049 358 3117 permisit,
388 3051 510 3098 concessit.
523 3062 583 3111 —9
612 3051 812 3113 contenderent,
836 3051 1034 3114 adfirmdrent;

135 3134 301 3198 oboedirent,
309 3137 517 3196 parerent-21
533 3132 657 3196 retrtixit,
666 3135 905 3180 commovit—22
919 3133 1035 3186 inliber-

135 3219 222 3273 titeio
233 3215 399 3280 vinoicnvit,
413 3215 537 3263 liberavit.
547 3243 581 3250 —
591 3227 604 3260 2
609 3227 622 3281 5
640 3215 758 3282 destitit,
772 3216 916 3266 intermisit.
