2564 3716
183 159 215 210 76
467 157 672 205 HANNIBAL.
710 171 747 214 11,
763 171 801 205 12.

183 325 332 398 vidarent,
363 331 484 400 puppes
513 331 670 382 vertarunt
700 331 795 400 saque
825 324 865 381 ad
895 341 951 382 sua
980 334 1081 382 castra

150 427 307 492 7nautica
333 428 524 486 rettularunt.
579 428 630 485 Sic
655 425 816 484 Hannibal
841 425 972 485 cansilio
998 445 1082 484 arma

185 534 442 607 Pergamenorum
472 529 636 606 superavit,
665 548 765 605 neque
795 538 860 587 tum
890 529 997 601 salum,
1026 531 1082 588 sed

184 653 277 710 saepe
295 633 371 692 alias
390 632 587 709 pedestribus
608 632 706 708 copiis
723 642 789 708 pari
808 632 971 708 prudentia
990 652 1082 708 pepu-

184 737 218 796 lit
234 736 435 796 adversarios.
1120 753 1135 806 5

76 872 78 876 ·
136 837 187 903 12'
226 840 314 914 Quae
331 840 403 898 dum
419 838 451 896 in
463 838 540 896 Asia
555 848 709 917 geruntur,
724 837 838 896 accidit
854 847 927 896 casu
942 848 976 896 ut
990 838 1083 914 lagati

146 983 149 990 ‚
186 944 311 1002 Prusiae
325 945 444 1002 Ramae
461 941 543 1017 apud
556 942 591 999 T.
611 940 772 1014 Quintium
790 940 996 999 Flamininum
1012 948 1083 1000 con-

185 1048 318 1106 sularem
334 1055 489 1119 canarent,
508 1055 600 1121 atque
616 1045 658 1102 ibi
675 1045 713 1103 da
731 1044 910 1102 Hannibale
926 1045 1083 1122 mentione
1100 1107 1105 1117 ,

184 1151 268 1210 faeta
284 1149 374 1210 exiis
390 1159 468 1208 imus
484 1150 601 1208 diceret
616 1167 686 1206 eum
701 1147 732 1219 in
751 1148 875 1206 Prusiae
891 1153 986 1224 ragno
1003 1166 1081 1205 esse.

150 1254 223 1314 aid
243 1261 368 1330 postera
389 1253 439 1312 dia
456 1251 646 1311 Flamininus
669 1259 792 1309 senatui
813 1249 930 1308 datulit.
977 1251 1083 1308 Patras
1105 1277 1137 1311 10

185 1366 361 1434 eanscripti,
387 1367 439 1434 qui
465 1355 645 1414 Hannibale
669 1363 739 1414 viva
763 1373 932 1431 numquam
958 1360 991 1413 sa
1017 1353 1084 1412 sine

186 1461 305 1520 insidiis
328 1462 447 1521 futuras
470 1460 690 1532 existimarent,
715 1455 833 1537 lagatos
857 1460 887 1517 in
910 1458 1084 1536 Bithyniam

186 1572 342 1636 misarum,
361 1564 392 1621 in
413 1563 450 1622 iis
472 1563 686 1634 Flamininum,
705 1573 757 1638 qui
781 1564 820 1622 ab
846 1570 918 1640 rege
944 1572 1085 1639 peterent

186 1675 225 1726 ne
245 1667 489 1726 inimicissimum
510 1687 600 1728 suum
622 1675 726 1727 seeum
747 1669 876 1727 habaret
896 1667 1016 1743 sibique
1036 1668 1085 1725 da

152 1771 281 1830 3deret.
335 1772 395 1828 His
426 1770 534 1829 Prusia
563 1779 675 1847 negare
703 1790 796 1829 ausus
824 1778 886 1830 non
913 1780 978 1842 est;
1009 1769 1085 1827 illud
1107 1790 1137 1842 15

186 1872 347 1945 recusavit,
365 1880 403 1931 na
426 1873 458 1931 id
480 1882 499 1932 a
521 1881 554 1932 se
577 1875 642 1932 fieri
664 1874 866 1950 postularent,
883 1873 966 1949 quod
978 1871 1086 1931 ¹adver-

187 1995 239 2034 sus
255 1976 301 2034 iiis
317 1975 432 2052 hospiti
448 1986 548 2048 esset3
572 1976 639 2052 ipsi,
654 1987 680 2034 si
695 1985 833 2053 possent,
848 1975 1086 2052 comprehende-

186 2089 271 2138 rent:
293 2080 393 2137 locum
407 2078 459 2137 ubi
479 2089 570 2150 esset,
587 2079 677 2137 facile
694 2079 880 2138 inventuros.
926 2077 1087 2136 Hannibal

188 2182 268 2240 enim
284 2190 346 2241 uno
362 2182 431 2241 loca
447 2189 480 2240 sa
496 2183 623 2241 tenebat
639 2182 669 2239 in
687 2182 824 2254 castello,
839 2183 922 2258 quod
938 2191 966 2240 e'i
981 2191 999 2240 a
1016 2189 1086 2258 fage

188 2279 293 2344 datum
316 2295 382 2343 erat
403 2295 529 2356 muneri,
548 2285 641 2361 idque
663 2294 707 2344 sic
730 2286 907 2344 aedificarat
923 2285 1007 2344 utin
1026 2303 1086 2342 om·
1106 2307 1137 2352 30

188 2389 279 2446 nibus
291 2387 431 2464 partibus
447 2389 569 2447 aedifici
586 2389 685 2446 exitus
697 2388 834 2460 haberet,
849 2388 966 2446 scilicet
979 2394 1087 2445 veiens

155 2505 172 2552 4
190 2500 228 2550 na
247 2501 303 2550 usu
322 2500 440 2549 veniret
464 2493 548 2566 quod
567 2491 688 2550 accidit.
736 2493 808 2550 Huc
826 2510 896 2549 cum
914 2491 1007 2567 lagati
1029 2493 1088 2549 Ro

189 2602 348 2654 manorum
364 2594 523 2652 vanissent
538 2603 575 2653 ac
591 2593 786 2653 multitudine
806 2595 931 2652 domum
950 2593 1016 2655 aius
1034 2592 1089 2650 cir-

189 2698 430 2769 cumdedissent,
447 2716 523 2773 puer
542 2698 580 2755 ab
597 2697 690 2756 ianua
705 2683 898 2773 prospieians
916 2695 1089 2754 Hannibali

190 2801 266 2888 dixit
276 2800 377 2876 pluras
388 2809 510 2877 praeter
520 2800 776 2859 cansuattidinem
787 2807 921 2858 armatos
932 2805 1087 2884 apparare.
1108 2809 1142 2886 ag

191 2905 253 2978 Qui
269 2903 429 2980 imperavit
445 2912 473 2961 ei
489 2913 522 2962 ut
547 2911 655 2962 omnas
673 2904 755 2961 foras
775 2904 896 2962 aedifici
917 2902 1090 2960 circumiret

190 3016 226 3066 ac
241 3014 371 3084 propera
387 3007 446 3065 sibi
462 2991 618 3065 nuntiaret
629 3026 702 3064 num
718 3006 828 3065 eodem
844 3006 936 3064 modo
953 3005 1089 3081 undique

223 3140 239 3188 6
264 3143 337 3205 casii,
355 3137 497 3204 sarta—8
528 3141 664 3203 cantarent,
689 3141 944 3200 epularentur.—1o
972 3139 1090 3202 postero,

194 3231 317 3280 ”mentm
340 3224 433 3290 patriis
446 3223 601 3288 &inscripti
613 3227 786 3272 senatoriu-
794 3236 823 3284 14
841 3223 958 3288 uideret,
972 3223 1090 3270 traderet.
