<?xml version="1.0" encoding="UTF-8"?>
<!DOCTYPE html PUBLIC "-//W3C//DTD XHTML 1.0 Transitional//EN"
    "http://www.w3.org/TR/xhtml1/DTD/xhtml1-transitional.dtd">
<html xmlns="http://www.w3.org/1999/xhtml" xml:lang="en" lang="en">
 <head>
  <title>
</title>
<meta http-equiv="Content-Type" content="text/html;charset=utf-8" />
  <meta name='ocr-system' content='tesseract 3.04.00' />
  <meta name='ocr-capabilities' content='ocr_page ocr_carea ocr_par ocr_line ocrx_word'/>
</head>
<body>
  <div class='ocr_page' id='page_1' title='image "./selectedlivesfr01nepogoog_0026.png"; bbox 0 0 2476 3712; ppageno 0'>
   <div class='ocr_carea' id='block_1_1' title="bbox 436 654 716 792">
    <p class='ocr_par' dir='ltr' id='par_1_1' title="bbox 436 654 716 792">
     <span class='ocr_line' id='line_1_1' title="bbox 436 654 716 792; baseline 0 -56"><span class='ocrx_word' id='word_1_1' title='bbox 436 654 716 792; x_wconf 74' lang='lat' dir='ltr'><strong>llllLTlADES.</strong></span> 
     </span>
    </p>
   </div>
   <div class='ocr_carea' id='block_1_2' title="bbox 85 884 1075 3024">
    <p class='ocr_par' dir='ltr' id='par_1_2' title="bbox 85 884 1074 1480">
     <span class='ocr_line' id='line_1_2' title="bbox 85 884 1041 960; baseline 0 -13"><span class='ocrx_word' id='word_1_2' title='bbox 85 888 107 946; x_wconf 89' lang='lat'>1</span> <span class='ocrx_word' id='word_1_3' title='bbox 171 887 367 960; x_wconf 70' lang='lat' dir='ltr'><strong>Murmniss</strong></span> <span class='ocrx_word' id='word_1_4' title='bbox 392 885 531 945; x_wconf 79' lang='lat' dir='ltr'><strong>Cimenis</strong></span> <span class='ocrx_word' id='word_1_5' title='bbox 552 884 646 959; x_wconf 82' lang='lat' dir='ltr'><strong>iilius,</strong></span> <span class='ocrx_word' id='word_1_6' title='bbox 671 886 881 960; x_wconf 82' lang='lat' dir='ltr'><strong>Atheniensis,</strong></span> <span class='ocrx_word' id='word_1_7' title='bbox 903 906 973 946; x_wconf 93' lang='lat' dir='ltr'><strong>cum</strong></span> <span class='ocrx_word' id='word_1_8' title='bbox 995 896 1041 958; x_wconf 88' lang='lat' dir='ltr'><strong>et</strong></span> 
     </span>
     <span class='ocr_line' id='line_1_3' title="bbox 127 987 1026 1066; baseline 0.001 -17"><span class='ocrx_word' id='word_1_9' title='bbox 127 989 312 1066; x_wconf 66' lang='lat' dir='ltr'><strong>antiquitate</strong></span> <span class='ocrx_word' id='word_1_10' title='bbox 332 987 456 1066; x_wconf 87' lang='lat' dir='ltr'><strong>generis</strong></span> <span class='ocrx_word' id='word_1_11' title='bbox 472 997 503 1048; x_wconf 93' lang='lat' dir='ltr'><strong>et</strong></span> <span class='ocrx_word' id='word_1_12' title='bbox 517 988 616 1066; x_wconf 77' lang='lat' dir='ltr'><strong>glerie</strong></span> <span class='ocrx_word' id='word_1_13' title='bbox 637 989 785 1066; x_wconf 76' lang='lat' dir='ltr'><strong>meierum</strong></span> <span class='ocrx_word' id='word_1_14' title='bbox 801 998 832 1049; x_wconf 93' lang='lat' dir='ltr'><strong>et</strong></span> <span class='ocrx_word' id='word_1_15' title='bbox 847 999 904 1050; x_wconf 80' lang='lat' dir='ltr'><strong>sue</strong></span> <span class='ocrx_word' id='word_1_16' title='bbox 924 992 1026 1050; x_wconf 92' lang='lat' dir='ltr'><strong>mode-</strong></span> 
     </span>
     <span class='ocr_line' id='line_1_4' title="bbox 127 1077 1062 1169; baseline 0 -16"><span class='ocrx_word' id='word_1_17' title='bbox 127 1093 188 1154; x_wconf 78' lang='lat' dir='ltr'><strong>stie</strong></span> <span class='ocrx_word' id='word_1_18' title='bbox 199 1102 279 1152; x_wconf 77' lang='lat' dir='ltr'><strong>smus</strong></span> <span class='ocrx_word' id='word_1_19' title='bbox 291 1091 429 1151; x_wconf 90' lang='lat' dir='ltr'><strong>omnium</strong></span> <span class='ocrx_word' id='word_1_20' title='bbox 440 1092 571 1152; x_wconf 72' lang='lat' dir='ltr'><strong>maixime</strong></span> <span class='ocrx_word' id='word_1_21' title='bbox 583 1092 706 1152; x_wconf 78' lang='lat' dir='ltr'><strong>flereret</strong></span> <span class='ocrx_word' id='word_1_22' title='bbox 717 1101 815 1169; x_wconf 77' lang='lat' dir='ltr'><strong>eeque</strong></span> <span class='ocrx_word' id='word_1_23' title='bbox 828 1102 912 1152; x_wconf 89' lang='lat' dir='ltr'><strong>esset</strong></span> <span class='ocrx_word' id='word_1_24' title='bbox 923 1103 1025 1153; x_wconf 76' lang='lat' dir='ltr'><strong>aetete</strong></span> <span class='ocrx_word' id='word_1_25' title='bbox 1059 1077 1062 1083; x_wconf 37' lang='lat'>⁵</span> 
     </span>
     <span class='ocr_line' id='line_1_5' title="bbox 127 1195 1024 1272; baseline -0.001 -17"><span class='ocrx_word' id='word_1_26' title='bbox 127 1206 162 1255; x_wconf 95' lang='lat' dir='ltr'><strong>ut</strong></span> <span class='ocrx_word' id='word_1_27' title='bbox 185 1204 248 1256; x_wconf 78' lang='lat' dir='ltr'><strong>nen</strong></span> <span class='ocrx_word' id='word_1_28' title='bbox 272 1195 333 1254; x_wconf 90' lang='lat' dir='ltr'><strong>iam</strong></span> <span class='ocrx_word' id='word_1_29' title='bbox 357 1195 457 1254; x_wconf 79' lang='lat' dir='ltr'><strong>selum</strong></span> <span class='ocrx_word' id='word_1_30' title='bbox 480 1196 520 1255; x_wconf 93' lang='lat' dir='ltr'><strong>de</strong></span> <span class='ocrx_word' id='word_1_31' title='bbox 543 1203 581 1255; x_wconf 80' lang='lat' dir='ltr'><strong>ee</strong></span> <span class='ocrx_word' id='word_1_32' title='bbox 596 1196 677 1255; x_wconf 91' lang='lat' dir='ltr'><strong>bene</strong></span> <span class='ocrx_word' id='word_1_33' title='bbox 700 1203 833 1272; x_wconf 62' lang='lat' dir='ltr'><strong>sperare,</strong></span> <span class='ocrx_word' id='word_1_34' title='bbox 854 1196 911 1255; x_wconf 89' lang='lat' dir='ltr'><strong>sed</strong></span> <span class='ocrx_word' id='word_1_35' title='bbox 932 1197 1024 1256; x_wconf 87' lang='lat' dir='ltr'><strong>etiam</strong></span> 
     </span>
     <span class='ocr_line' id='line_1_6' title="bbox 128 1299 1074 1375; baseline -0.003 -15"><span class='ocrx_word' id='word_1_36' title='bbox 128 1300 286 1360; x_wconf 75' lang='lat' dir='ltr'><strong>censidere</strong></span> <span class='ocrx_word' id='word_1_37' title='bbox 320 1306 403 1358; x_wconf 83' lang='lat' dir='ltr'><strong>cives</strong></span> <span class='ocrx_word' id='word_1_38' title='bbox 431 1307 561 1375; x_wconf 87' lang='lat' dir='ltr'><strong>possent</strong></span> <span class='ocrx_word' id='word_1_39' title='bbox 592 1307 640 1358; x_wconf 87' lang='lat' dir='ltr'><strong>sui</strong></span> <span class='ocrx_word' id='word_1_40' title='bbox 669 1299 762 1358; x_wconf 75' lang='lat' dir='ltr'><strong>telem</strong></span> <span class='ocrx_word' id='word_1_41' title='bbox 792 1317 862 1358; x_wconf 90' lang='lat' dir='ltr'><strong>eum</strong></span> <span class='ocrx_word' id='word_1_42' title='bbox 889 1300 1024 1358; x_wconf 82' lang='lat' dir='ltr'><strong>futurum</strong></span> <span class='ocrx_word' id='word_1_43' title='bbox 1061 1316 1074 1370; x_wconf 80' lang='lat'><strong>5</strong></span> 
     </span>
     <span class='ocr_line' id='line_1_7' title="bbox 128 1401 1042 1480; baseline 0.001 -19"><span class='ocrx_word' id='word_1_44' title='bbox 128 1403 252 1480; x_wconf 77' lang='lat' dir='ltr'><strong>quelem</strong></span> <span class='ocrx_word' id='word_1_45' title='bbox 267 1401 424 1479; x_wconf 79' lang='lat' dir='ltr'><strong>cdgnitum</strong></span> <span class='ocrx_word' id='word_1_46' title='bbox 439 1401 623 1474; x_wconf 60' lang='lat' dir='ltr'><strong>induerunt,</strong></span> <span class='ocrx_word' id='word_1_47' title='bbox 639 1401 753 1461; x_wconf 88' lang='lat' dir='ltr'><strong>accidit</strong></span> <span class='ocrx_word' id='word_1_48' title='bbox 768 1411 802 1462; x_wconf 91' lang='lat' dir='ltr'><strong>ut</strong></span> <span class='ocrx_word' id='word_1_49' title='bbox 817 1401 1024 1462; x_wconf 88' lang='lat' dir='ltr'><strong>Athenienses</strong></span> <span class='ocrx_word' id='word_1_50' title='bbox 1039 1441 1042 1450; x_wconf 92' lang='lat'><em>·</em></span> 
     </span>
    </p>

    <p class='ocr_par' dir='ltr' id='par_1_3' title="bbox 93 1505 1075 2097">
     <span class='ocr_line' id='line_1_8' title="bbox 93 1505 1025 1590; baseline -0.001 -24"><span class='ocrx_word' id='word_1_51' title='bbox 93 1515 110 1566; x_wconf 84' lang='lat'>2</span> <span class='ocrx_word' id='word_1_52' title='bbox 129 1507 360 1566; x_wconf 91' lang='lat' dir='ltr'><strong>Chersonesum</strong></span> <span class='ocrx_word' id='word_1_53' title='bbox 375 1505 503 1564; x_wconf 77' lang='lat' dir='ltr'><strong>colenes</strong></span> <span class='ocrx_word' id='word_1_54' title='bbox 518 1505 633 1590; x_wconf 83' lang='lat' dir='ltr'><strong>vellent</strong></span> <span class='ocrx_word' id='word_1_55' title='bbox 649 1505 778 1564; x_wconf 91' lang='lat' dir='ltr'><strong>mittere.</strong></span> <span class='ocrx_word' id='word_1_56' title='bbox 824 1505 920 1565; x_wconf 80' lang='lat' dir='ltr'><strong>Cuius</strong></span> <span class='ocrx_word' id='word_1_57' title='bbox 934 1525 1025 1584; x_wconf 87' lang='lat' dir='ltr'><strong>gene·</strong></span> 
     </span>
     <span class='ocr_line' id='line_1_9' title="bbox 127 1609 1025 1685; baseline -0.001 -18"><span class='ocrx_word' id='word_1_58' title='bbox 127 1610 169 1669; x_wconf 94' lang='lat' dir='ltr'><strong>ris</strong></span> <span class='ocrx_word' id='word_1_59' title='bbox 192 1628 261 1668; x_wconf 92' lang='lat' dir='ltr'><strong>cum</strong></span> <span class='ocrx_word' id='word_1_60' title='bbox 281 1617 410 1685; x_wconf 73' lang='lat' dir='ltr'><strong>megnus</strong></span> <span class='ocrx_word' id='word_1_61' title='bbox 431 1626 576 1666; x_wconf 90' lang='lat' dir='ltr'><strong>numerus</strong></span> <span class='ocrx_word' id='word_1_62' title='bbox 596 1609 679 1667; x_wconf 77' lang='lat' dir='ltr'><strong>es&#39;set</strong></span> <span class='ocrx_word' id='word_1_63' title='bbox 699 1617 730 1666; x_wconf 91' lang='lat' dir='ltr'><strong>et</strong></span> <span class='ocrx_word' id='word_1_64' title='bbox 748 1609 835 1667; x_wconf 89' lang='lat' dir='ltr'><strong>multi</strong></span> <span class='ocrx_word' id='word_1_65' title='bbox 851 1609 917 1668; x_wconf 91' lang='lat' dir='ltr'><strong>eius</strong></span> <span class='ocrx_word' id='word_1_66' title='bbox 933 1609 1025 1668; x_wconf 88' lang='lat' dir='ltr'><strong>demi-</strong></span> 
     </span>
     <span class='ocr_line' id='line_1_10' title="bbox 126 1710 1024 1790; baseline -0.001 -18"><span class='ocrx_word' id='word_1_67' title='bbox 126 1710 277 1790; x_wconf 70' lang='lat' dir='ltr'><strong>gratioris</strong></span> <span class='ocrx_word' id='word_1_68' title='bbox 292 1720 433 1788; x_wconf 89' lang='lat' dir='ltr'><strong>peterent</strong></span> <span class='ocrx_word' id='word_1_69' title='bbox 448 1710 638 1783; x_wconf 78' lang='lat' dir='ltr'><strong>societetem</strong></span> <span class='ocrx_word' id='word_1_70' title='bbox 651 1729 689 1770; x_wconf 87' lang='lat' dir='ltr'><strong>ex</strong></span> <span class='ocrx_word' id='word_1_71' title='bbox 704 1710 741 1770; x_wconf 89' lang='lat' dir='ltr'><strong>iis</strong></span> <span class='ocrx_word' id='word_1_72' title='bbox 757 1712 869 1771; x_wconf 88' lang='lat' dir='ltr'><strong>delecti</strong></span> <span class='ocrx_word' id='word_1_73' title='bbox 885 1712 1024 1788; x_wconf 76' lang='lat' dir='ltr'><strong>Delphos</strong></span> 
     </span>
     <span class='ocr_line' id='line_1_11' title="bbox 127 1814 1075 1891; baseline 0.002 -16"><span class='ocrx_word' id='word_1_74' title='bbox 127 1816 332 1875; x_wconf 65' lang='lat' dir='ltr'><strong>deliberatum</strong></span> <span class='ocrx_word' id='word_1_75' title='bbox 352 1822 439 1872; x_wconf 88' lang='lat' dir='ltr'><strong>missi</strong></span> <span class='ocrx_word' id='word_1_76' title='bbox 458 1823 539 1886; x_wconf 89' lang='lat' dir='ltr'><strong>sunt,</strong></span> <span class='ocrx_word' id='word_1_77' title='bbox 557 1823 610 1890; x_wconf 85' lang='lat' dir='ltr'><strong>qui</strong></span> <span class='ocrx_word' id='word_1_78' title='bbox 625 1814 822 1874; x_wconf 80' lang='lat' dir='ltr'><strong>censulerent</strong></span> <span class='ocrx_word' id='word_1_79' title='bbox 837 1815 1022 1891; x_wconf 87' lang='lat' dir='ltr'><strong>Apollinem,</strong></span> <span class='ocrx_word' id='word_1_80' title='bbox 1045 1841 1075 1877; x_wconf 79' lang='grc' dir='ltr'><strong>ιο</strong></span> 
     </span>
     <span class='ocr_line' id='line_1_12' title="bbox 127 1916 1024 1994; baseline -0.001 -17"><span class='ocrx_word' id='word_1_81' title='bbox 127 1926 189 1994; x_wconf 76' lang='lat' dir='ltr'><strong>que</strong></span> <span class='ocrx_word' id='word_1_82' title='bbox 221 1916 416 1994; x_wconf 91' lang='lat' dir='ltr'><strong>potissimum</strong></span> <span class='ocrx_word' id='word_1_83' title='bbox 452 1916 530 1975; x_wconf 92' lang='lat' dir='ltr'><strong>duce</strong></span> <span class='ocrx_word' id='word_1_84' title='bbox 563 1926 729 1976; x_wconf 76' lang='lat' dir='ltr'><strong>uterentur.</strong></span> <span class='ocrx_word' id='word_1_85' title='bbox 788 1919 930 1994; x_wconf 91' lang='lat' dir='ltr'>Namque</span> <span class='ocrx_word' id='word_1_86' title='bbox 960 1927 1024 1977; x_wconf 92' lang='lat' dir='ltr'><strong>tum</strong></span> 
     </span>
     <span class='ocr_line' id='line_1_13' title="bbox 126 2019 1024 2097; baseline 0.001 -18"><span class='ocrx_word' id='word_1_87' title='bbox 126 2022 266 2081; x_wconf 74' lang='lat' dir='ltr'><strong>Threces</strong></span> <span class='ocrx_word' id='word_1_88' title='bbox 287 2029 340 2080; x_wconf 80' lang='lat' dir='ltr'><strong>ees</strong></span> <span class='ocrx_word' id='word_1_89' title='bbox 362 2019 504 2097; x_wconf 82' lang='lat' dir='ltr'><strong>regienes</strong></span> <span class='ocrx_word' id='word_1_90' title='bbox 527 2020 684 2093; x_wconf 87' lang='lat' dir='ltr'><strong>tenebant,</strong></span> <span class='ocrx_word' id='word_1_91' title='bbox 706 2039 776 2079; x_wconf 91' lang='lat' dir='ltr'><strong>cum</strong></span> <span class='ocrx_word' id='word_1_92' title='bbox 798 2020 910 2096; x_wconf 92' lang='lat' dir='ltr'><strong>quibus</strong></span> <span class='ocrx_word' id='word_1_93' title='bbox 932 2031 1024 2080; x_wconf 86' lang='lat' dir='ltr'><strong>armis</strong></span> 
     </span>
    </p>

    <p class='ocr_par' dir='ltr' id='par_1_4' title="bbox 92 2122 1074 2412">
     <span class='ocr_line' id='line_1_14' title="bbox 92 2122 1024 2184; baseline 0.004 -6"><span class='ocrx_word' id='word_1_94' title='bbox 92 2129 192 2183; x_wconf 85' lang='lat' dir='ltr'><strong>3erat</strong></span> <span class='ocrx_word' id='word_1_95' title='bbox 218 2122 438 2183; x_wconf 85' lang='lat' dir='ltr'><strong>dimicandum.</strong></span> <span class='ocrx_word' id='word_1_96' title='bbox 494 2125 555 2181; x_wconf 87' lang='lat' dir='ltr'><strong>His</strong></span> <span class='ocrx_word' id='word_1_97' title='bbox 579 2123 813 2183; x_wconf 82' lang='lat' dir='ltr'><strong>censulentibus</strong></span> <span class='ocrx_word' id='word_1_98' title='bbox 843 2124 1024 2184; x_wconf 74' lang='lat' dir='ltr'><strong>neminetim</strong></span> 
     </span>
     <span class='ocr_line' id='line_1_15' title="bbox 128 2224 1024 2306; baseline 0 -21"><span class='ocrx_word' id='word_1_99' title='bbox 128 2227 239 2306; x_wconf 87' lang='lat' dir='ltr'><strong>Pythia</strong></span> <span class='ocrx_word' id='word_1_100' title='bbox 266 2224 425 2303; x_wconf 89' lang='lat' dir='ltr'><strong>praecepit</strong></span> <span class='ocrx_word' id='word_1_101' title='bbox 454 2234 488 2285; x_wconf 92' lang='lat' dir='ltr'><strong>ut</strong></span> <span class='ocrx_word' id='word_1_102' title='bbox 518 2225 692 2285; x_wconf 84' lang='lat' dir='ltr'><strong>Miltiadem</strong></span> <span class='ocrx_word' id='word_1_103' title='bbox 721 2225 935 2303; x_wconf 79' lang='lat' dir='ltr'><strong>impereterem</strong></span> <span class='ocrx_word' id='word_1_104' title='bbox 965 2227 1024 2287; x_wconf 92' lang='lat' dir='ltr'><strong>sibi</strong></span> 
     </span>
     <span class='ocr_line' id='line_1_16' title="bbox 126 2328 1074 2412; baseline -0.001 -22"><span class='ocrx_word' id='word_1_105' title='bbox 126 2340 301 2390; x_wconf 77' lang='lat' dir='ltr'><strong>sumerent:</strong></span> <span class='ocrx_word' id='word_1_106' title='bbox 324 2329 357 2388; x_wconf 93' lang='lat' dir='ltr'><strong>id</strong></span> <span class='ocrx_word' id='word_1_107' title='bbox 377 2339 403 2388; x_wconf 91' lang='lat' dir='ltr'><strong>si</strong></span> <span class='ocrx_word' id='word_1_108' title='bbox 421 2328 578 2401; x_wconf 85' lang='lat' dir='ltr'><strong>iecissent,</strong></span> <span class='ocrx_word' id='word_1_109' title='bbox 597 2329 721 2405; x_wconf 90' lang='lat' dir='ltr'><strong>incepta</strong></span> <span class='ocrx_word' id='word_1_110' title='bbox 742 2337 890 2412; x_wconf 80' lang='lat' dir='ltr'><strong>prespera</strong></span> <span class='ocrx_word' id='word_1_111' title='bbox 911 2331 1022 2389; x_wconf 79' lang='lat' dir='ltr'><strong>futura.</strong></span> <span class='ocrx_word' id='word_1_112' title='bbox 1045 2353 1074 2406; x_wconf 81' lang='lat'><strong>15</strong></span> 
     </span>
    </p>

    <p class='ocr_par' dir='ltr' id='par_1_5' title="bbox 91 2432 1025 2832">
     <span class='ocr_line' id='line_1_17' title="bbox 91 2432 1024 2512; baseline 0.001 -20"><span class='ocrx_word' id='word_1_113' title='bbox 91 2435 109 2484; x_wconf 83' lang='lat'>4</span> <span class='ocrx_word' id='word_1_114' title='bbox 128 2437 200 2494; x_wconf 79' lang='lat' dir='ltr'><strong>Hec</strong></span> <span class='ocrx_word' id='word_1_115' title='bbox 221 2433 338 2493; x_wconf 73' lang='lat' dir='ltr'><strong>ereculi</strong></span> <span class='ocrx_word' id='word_1_116' title='bbox 357 2439 509 2508; x_wconf 78' lang='lat' dir='ltr'><strong>respdnse</strong></span> <span class='ocrx_word' id='word_1_117' title='bbox 529 2432 688 2492; x_wconf 77' lang='lat' dir='ltr'><strong>Miltiades</strong></span> <span class='ocrx_word' id='word_1_118' title='bbox 706 2451 776 2512; x_wconf 73' lang='lat' dir='ltr'><strong>qum</strong></span> <span class='ocrx_word' id='word_1_119' title='bbox 794 2433 914 2493; x_wconf 74' lang='lat' dir='ltr'><strong>delecte</strong></span> <span class='ocrx_word' id='word_1_120' title='bbox 932 2444 1024 2493; x_wconf 80' lang='lat' dir='ltr'><strong>manu</strong></span> 
     </span>
     <span class='ocr_line' id='line_1_18' title="bbox 126 2535 1025 2612; baseline -0.002 -16"><span class='ocrx_word' id='word_1_121' title='bbox 126 2537 226 2596; x_wconf 89' lang='lat' dir='ltr'><strong>classe</strong></span> <span class='ocrx_word' id='word_1_122' title='bbox 240 2536 470 2596; x_wconf 75' lang='lat' dir='ltr'><strong>Chersonesum</strong></span> <span class='ocrx_word' id='word_1_123' title='bbox 483 2536 641 2612; x_wconf 83' lang='lat' dir='ltr'><strong>profectus</strong></span> <span class='ocrx_word' id='word_1_124' title='bbox 657 2554 726 2594; x_wconf 93' lang='lat' dir='ltr'><strong>cum</strong></span> <span class='ocrx_word' id='word_1_125' title='bbox 739 2535 922 2595; x_wconf 88' lang='lat' dir='ltr'><strong>accessisset</strong></span> <span class='ocrx_word' id='word_1_126' title='bbox 938 2539 1025 2596; x_wconf 92' lang='lat' dir='ltr'><strong>Lem-</strong></span> 
     </span>
     <span class='ocr_line' id='line_1_19' title="bbox 125 2638 1024 2716; baseline 0 -18"><span class='ocrx_word' id='word_1_127' title='bbox 125 2659 199 2699; x_wconf 90' lang='lat' dir='ltr'><strong>num</strong></span> <span class='ocrx_word' id='word_1_128' title='bbox 215 2647 247 2698; x_wconf 93' lang='lat' dir='ltr'><strong>et</strong></span> <span class='ocrx_word' id='word_1_129' title='bbox 262 2638 380 2698; x_wconf 77' lang='lat' dir='ltr'><strong>incoles</strong></span> <span class='ocrx_word' id='word_1_130' title='bbox 396 2638 461 2697; x_wconf 92' lang='lat' dir='ltr'><strong>eius</strong></span> <span class='ocrx_word' id='word_1_131' title='bbox 477 2638 596 2697; x_wconf 87' lang='lat' dir='ltr'><strong>insulae</strong></span> <span class='ocrx_word' id='word_1_132' title='bbox 612 2639 669 2698; x_wconf 92' lang='lat' dir='ltr'><strong>sub</strong></span> <span class='ocrx_word' id='word_1_133' title='bbox 685 2647 871 2714; x_wconf 65' lang='lat' dir='ltr'><strong>potestatem</strong></span> <span class='ocrx_word' id='word_1_134' title='bbox 886 2639 1024 2716; x_wconf 85' lang='lat' dir='ltr'><strong>redigere</strong></span> 
     </span>
     <span class='ocr_line' id='line_1_20' title="bbox 125 2740 1025 2832; baseline -0.001 -30"><span class='ocrx_word' id='word_1_135' title='bbox 125 2743 219 2803; x_wconf 87' lang='lat' dir='ltr'><strong>vellet</strong></span> <span class='ocrx_word' id='word_1_136' title='bbox 235 2741 482 2814; x_wconf 81' lang='lat' dir='ltr'><strong>Atheniensium,</strong></span> <span class='ocrx_word' id='word_1_137' title='bbox 499 2740 592 2818; x_wconf 92' lang='lat' dir='ltr'><strong>idque</strong></span> <span class='ocrx_word' id='word_1_138' title='bbox 609 2741 729 2800; x_wconf 88' lang='lat' dir='ltr'><strong>Lemnii</strong></span> <span class='ocrx_word' id='word_1_139' title='bbox 747 2749 804 2801; x_wconf 74' lang='lat' dir='ltr'><strong>sue</strong></span> <span class='ocrx_word' id='word_1_140' title='bbox 819 2751 929 2818; x_wconf 91' lang='lat' dir='ltr'><strong>sponte</strong></span> <span class='ocrx_word' id='word_1_141' title='bbox 944 2743 1025 2832; x_wconf 76' lang='lat' dir='ltr'><strong>face</strong></span> 
     </span>
    </p>

    <p class='ocr_par' dir='ltr' id='par_1_6' title="bbox 91 2843 1074 3024">
     <span class='ocr_line' id='line_1_21' title="bbox 91 2843 1074 2923; baseline 0.004 -21"><span class='ocrx_word' id='word_1_142' title='bbox 91 2852 108 2902; x_wconf 88' lang='grc'><strong>5</strong></span> <span class='ocrx_word' id='word_1_143' title='bbox 125 2855 194 2905; x_wconf 91' lang='lat' dir='ltr'><strong>rent</strong></span> <span class='ocrx_word' id='word_1_144' title='bbox 208 2845 409 2923; x_wconf 79' lang='lat' dir='ltr'><strong>postulasset,</strong></span> <span class='ocrx_word' id='word_1_145' title='bbox 426 2844 470 2902; x_wconf 87' lang='lat' dir='ltr'><strong>illi</strong></span> <span class='ocrx_word' id='word_1_146' title='bbox 485 2843 654 2904; x_wconf 75' lang='lat' dir='ltr'><strong>inridentes</strong></span> <span class='ocrx_word' id='word_1_147' title='bbox 673 2846 898 2921; x_wconf 89' lang='lat' dir='ltr'><strong>responderunt</strong></span> <span class='ocrx_word' id='word_1_148' title='bbox 913 2853 978 2904; x_wconf 93' lang='lat' dir='ltr'><strong>tum</strong></span> <span class='ocrx_word' id='word_1_149' title='bbox 993 2845 1025 2904; x_wconf 93' lang='lat' dir='ltr'><strong>id</strong></span> <span class='ocrx_word' id='word_1_150' title='bbox 1043 2871 1074 2906; x_wconf 86' lang='lat'><strong>20</strong></span> 
     </span>
     <span class='ocr_line' id='line_1_22' title="bbox 126 2947 1025 3024; baseline -0.002 -15"><span class='ocrx_word' id='word_1_151' title='bbox 126 2957 160 3009; x_wconf 88' lang='lat' dir='ltr'><strong>se</strong></span> <span class='ocrx_word' id='word_1_152' title='bbox 170 2950 308 3008; x_wconf 78' lang='lat' dir='ltr'><strong>iactures</strong></span> <span class='ocrx_word' id='word_1_153' title='bbox 323 2967 393 3007; x_wconf 91' lang='lat' dir='ltr'><strong>cum</strong></span> <span class='ocrx_word' id='word_1_154' title='bbox 405 2947 456 3006; x_wconf 92' lang='lat' dir='ltr'><strong>ille</strong></span> <span class='ocrx_word' id='word_1_155' title='bbox 468 2948 561 3007; x_wconf 81' lang='lat' dir='ltr'><strong>domo</strong></span> <span class='ocrx_word' id='word_1_156' title='bbox 573 2947 705 3007; x_wconf 75' lang='lat' dir='ltr'><strong>nevibus</strong></span> <span class='ocrx_word' id='word_1_157' title='bbox 717 2948 916 3024; x_wconf 86' lang='lat' dir='ltr'><strong>proficiscens</strong></span> <span class='ocrx_word' id='word_1_158' title='bbox 931 2955 1025 3008; x_wconf 76' lang='lat' dir='ltr'><strong>vente</strong></span> 
     </span>
    </p>
   </div>
   <div class='ocr_carea' id='block_1_3' title="bbox 114 3105 1027 3340">
    <p class='ocr_par' dir='ltr' id='par_1_7' title="bbox 114 3105 1027 3340">
     <span class='ocr_line' id='line_1_23' title="bbox 169 3105 1025 3172; baseline 0.001 -16"><span class='ocrx_word' id='word_1_159' title='bbox 169 3123 182 3156; x_wconf 91' lang='lat'><strong>2</strong></span> <span class='ocrx_word' id='word_1_160' title='bbox 202 3105 320 3172; x_wconf 73' lang='lat' dir='ltr'><strong>generis,</strong></span> <span class='ocrx_word' id='word_1_161' title='bbox 348 3106 505 3170; x_wconf 61' lang='lat' dir='ltr'><strong>gentis-8</strong></span> <span class='ocrx_word' id='word_1_162' title='bbox 526 3106 743 3172; x_wconf 69' lang='lat' dir='ltr'><strong>demigritienis‚</strong></span> <span class='ocrx_word' id='word_1_163' title='bbox 768 3107 1025 3172; x_wconf 52' lang='lat' dir='ltr'><strong>profectibus-10</strong></span> 
     </span>
     <span class='ocr_line' id='line_1_24' title="bbox 114 3190 1027 3256; baseline -0.007 -14"><span class='ocrx_word' id='word_1_164' title='bbox 114 3192 315 3256; x_wconf 58' lang='lat' dir='ltr'><strong>deliberatum,</strong></span> <span class='ocrx_word' id='word_1_165' title='bbox 343 3197 483 3254; x_wconf 84' lang='lat' dir='ltr'><strong>quaestum.</strong></span> <span class='ocrx_word' id='word_1_166' title='bbox 493 3218 524 3226; x_wconf 94' lang='lat'>-</span> <span class='ocrx_word' id='word_1_167' title='bbox 539 3203 567 3254; x_wconf 88' lang='lat'><strong>13</strong></span> <span class='ocrx_word' id='word_1_168' title='bbox 587 3190 781 3256; x_wconf 80' lang='lat' dir='ltr'><strong>dimicandum,</strong></span> <span class='ocrx_word' id='word_1_169' title='bbox 800 3190 983 3252; x_wconf 66' lang='lat' dir='ltr'><strong>prignandum.</strong></span> <span class='ocrx_word' id='word_1_170' title='bbox 992 3217 1027 3227; x_wconf 95' lang='lat'>-</span> 
     </span>
     <span class='ocr_line' id='line_1_25' title="bbox 127 3274 861 3340; baseline -0.004 -16"><span class='ocrx_word' id='word_1_171' title='bbox 127 3289 156 3338; x_wconf 89' lang='lat'><strong>17</strong></span> <span class='ocrx_word' id='word_1_172' title='bbox 170 3274 340 3340; x_wconf 78' lang='lat' dir='ltr'><strong>accessisset,</strong></span> <span class='ocrx_word' id='word_1_173' title='bbox 347 3275 511 3337; x_wconf 67' lang='lat' dir='ltr'><strong>pervenisset.</strong></span> <span class='ocrx_word' id='word_1_174' title='bbox 519 3302 553 3310; x_wconf 95' lang='lat'><em>-</em></span> <span class='ocrx_word' id='word_1_175' title='bbox 562 3286 593 3338; x_wconf 91' lang='lat'><strong>19</strong></span> <span class='ocrx_word' id='word_1_176' title='bbox 604 3275 653 3325; x_wconf 76' lang='lat' dir='ltr'><strong>sue</strong></span> <span class='ocrx_word' id='word_1_177' title='bbox 665 3275 772 3340; x_wconf 87' lang='lat' dir='ltr'><strong>sponte,</strong></span> <span class='ocrx_word' id='word_1_178' title='bbox 785 3275 861 3322; x_wconf 69' lang='lat' dir='ltr'><strong>altra</strong></span> 
     </span>
    </p>
   </div>
   <div class='ocr_carea' id='block_1_4' title="bbox 0 0 1242 3712">
    <p class='ocr_par' dir='ltr' id='par_1_8' title="bbox 0 0 1242 3712">
     <span class='ocr_line' id='line_1_26' title="bbox 0 0 1242 3712; baseline 0 0"><span class='ocrx_word' id='word_1_179' title='bbox 0 0 1242 3712; x_wconf 95' lang='lat' dir='ltr'><strong> </strong></span> 
     </span>
    </p>
   </div>
  </div>
 </body>
</html>
