2476 3712
186 157 222 208 44
449 155 734 206 EPAMINONDAS.
769 170 792 222 3,
805 171 828 217 4.

189 323 219 382 in
250 331 355 400 primis
384 331 549 382 commissa
579 323 693 396 celeus,
726 309 811 400 quod
840 323 995 384 interdum
1025 333 1087 386 nen
1212 363 1213 404 ;

142 495 145 500 ‚
189 427 289 485 minus
309 427 436 503 predest
455 444 546 501 quam
565 425 679 484 diserte
698 426 809 499 dicere,
828 427 985 486 studiesus
1006 390 1104 487 audi³

189 530 282 590 endi:
317 549 353 588 ex
382 529 441 588 hec
471 528 553 615 enim
584 528 730 587 facillime
763 529 841 589 disci
873 529 1086 590 arbitrabitur.

155 647 172 697 3
191 636 301 709 Itaque
321 651 391 691 cum
410 631 443 689 in
463 631 609 690 circulum
623 631 760 691 venisset
783 631 815 690 in
839 640 901 708 que
921 643 974 692 aut
994 635 1035 694 de
1056 641 1089 693 re

190 735 313 813 perblice
325 725 534 811 disp'uteretur
549 744 602 793 aut
617 735 656 793 de
671 735 869 812 philosophia
882 744 982 796 serme
997 737 1089 796 habe
1124 753 1140 807 5

190 847 281 912 retur,
294 856 461 914 numquam
477 837 549 897 inde
564 837 648 914 prius
664 837 807 898 discessit
819 858 912 915 quarn
934 840 973 898 ad
992 841 1089 899 finem

157 948 292 1002 4serme
321 951 403 1000 esset
432 942 593 1000 adductus
650 942 867 1017 Paupertatem
893 943 972 1002 adee
996 943 1089 1002 facile

190 1063 355 1123 perpessus
371 1053 420 1102 est
435 1053 468 1103 ut
482 1045 521 1104 de
536 1051 568 1103 re
580 1043 704 1120 publice
719 1044 795 1102 nihil
815 1054 937 1121 praeter
961 1045 1090 1122 gleriam

191 1148 316 1226 ceperit.
366 1150 543 1206 Amicerum
568 1147 599 1205 in
624 1154 657 1206 se
682 1148 799 1206 tuende
821 1148 920 1208 caruit
941 1149 1092 1208 faculteti-

190 1254 258 1324 bus,
282 1251 343 1311 fide
371 1251 411 1309 ad
434 1250 511 1309 alies
534 1250 744 1310 sublevandos
766 1269 860 1326 saepe
883 1261 927 1310 sic
948 1261 1023 1310 fisus
1045 1262 1143 1313 estro

192 1366 226 1415 ut
241 1337 369 1414 isrdiceri
391 1353 490 1430 possit
512 1352 617 1411 omnia
639 1362 667 1412 ei
688 1371 757 1412 cum
778 1363 885 1412 amicis
899 1354 996 1414 fuisse
1012 1374 1094 1414 com-

159 1457 305 1518 5mtmia.
357 1459 439 1516 Nam
460 1475 530 1517 cum
552 1466 605 1515 aut
626 1456 737 1516 civium
765 1465 888 1517 suerum
916 1457 1027 1534 aliquis
1054 1459 1094 1518 ab

193 1541 335 1621 hostibus
352 1570 436 1630 esset
454 1570 573 1637 captus,
590 1569 643 1618 aut
658 1559 743 1636 virge
764 1569 855 1618 amici
873 1560 996 1634 nerbilis,
1014 1581 1096 1638 quae

193 1673 318 1742 propter
329 1673 541 1740 paupertetem
551 1663 708 1723 conlocari
719 1669 782 1721 nen
798 1672 912 1740 posset,
926 1671 1097 1724 amicerum
1214 1743 1215 1748 η

194 1767 356 1828 censilium
378 1767 514 1825 habebat
536 1776 574 1839 et,
597 1776 746 1842 quantum
768 1766 900 1843 quisque
920 1767 1016 1836 daret,
1039 1776 1096 1844 pre
1117 1791 1145 1844 15

160 1882 178 1932 6
193 1870 393 1930 facultetibus
406 1869 585 1945 impetebat.
627 1870 764 1946 Eamque
781 1879 931 1927 summam
943 1888 1013 1928 cum
1024 1878 1097 1930 cen·
1214 1863 1215 1874 ¹

194 1975 317 2046 fecerat,
341 1972 518 2049 priusquam
544 1970 699 2048 acciperet
724 1972 896 2049 pecuniam,
920 1974 1097 2034 adducebat

196 2095 265 2137 eum
291 2086 343 2153 qui
366 2076 534 2152 quaerebat
561 2075 601 2133 ad
623 2082 677 2134 ees
703 2084 756 2152 qui
778 2076 987 2150 cenferebant,
1004 2085 1098 2152 eique

195 2191 229 2240 ut
244 2180 303 2257 ipsi
319 2187 522 2251 numerarent,
539 2177 683 2250 iaciebat,
700 2188 733 2237 ut
751 2177 809 2251 ille,
828 2180 867 2238 ad
883 2198 974 2254 quern
993 2199 1030 2239 ea
1046 2187 1098 2240 res

195 2283 403 2361 perveniebat,
421 2291 512 2340 sciret
528 2290 676 2357 quantum
693 2279 803 2356 cuique
819 2282 954 2342 deberet.
1117 2309 1148 2344 20

159 2391 195 2462 4,
237 2389 371 2446 Tenteta
387 2392 490 2444 autem
505 2383 571 2443 eius
587 2393 635 2442 est
651 2383 840 2443 abstinentia
854 2393 873 2443 e
886 2373 1097 2446 Diomedonte

198 2491 371 2569 Cyzicene:
393 2505 526 2564 namque
546 2485 573 2545 is
593 2495 702 2563 rogetr'r
718 2486 898 2546 Artaxerxis
918 2488 999 2565 regis
1019 2491 1096 2565 Epa-

196 2593 375 2652 minendam
390 2589 522 2668 pecunie
538 2590 797 2665 corrumpendum
810 2597 998 2667 susceperat.
1032 2593 1097 2651 Hic

197 2702 309 2774 migne
325 2713 395 2754 cum
410 2693 547 2771 pondere
564 2701 629 2750 auri
640 2693 668 2749 T
669 2692 766 2751 hebes
775 2692 860 2751 venit
875 2702 906 2752 et
922 2693 1096 2772 Micythum
1214 2771 1215 2778 ἵ

198 2797 463 2860 adulescentulum
487 2805 622 2873 quinque
638 2795 763 2853 talentis
783 2795 823 2853 ad
844 2815 932 2854 suam
953 2797 1096 2872 perdexit
1116 2823 1148 2875 ²5
1214 2779 1215 2840 Ῠ

197 2900 396 2973 voluntatem,
414 2918 506 2976 quem
526 2907 590 2956 tum
607 2898 838 2973 Epaminendes
854 2898 1015 2975 pituimum
1030 2900 1096 2959 dili·

240 3081 255 3131 3
272 3035 465 3130 emittebatur,
483 3059 666 3109 censebat-6
683 3060 820 3126 discessit,
838 3062 988 3110 abiit-ro
1008 3063 1097 3114 suble-

198 3151 310 3213 vandes,
330 3141 576 3222 adiuvandos.7-18
597 3131 780 3208 cenierebant',
798 3143 981 3194 dabant-26
1000 3145 1096 3210 (111135.

199 3233 257 3298 bat,
268 3231 377 3279 ama'bat.
