2476 3712
477 219 608 266 CIMON.
644 232 666 267 a.
989 219 1022 272 27
1049 225 1051 229 ’

78 383 104 444 2
164 384 235 444 Tali
251 384 344 444 mode
359 385 501 445 custodia
521 386 670 445 liberatus
687 385 799 446 Cimen
821 385 962 446 celeriter
982 389 1022 446 ad

118 486 328 564 principatum
343 489 492 565 pervenit.
524 489 674 548 Habebat
689 489 771 548 enim
786 489 862 549 satis
878 492 1022 568 eloquen-

119 589 192 662 tiae,
218 609 369 649 summam
395 592 620 664 liberalitatem,
653 602 796 669 magnam
826 593 1021 670 prudentiam

119 712 191 752 cum
207 692 280 752 iaris
295 694 394 753 civilis
416 704 480 753 tum
503 705 547 754 rei
569 695 718 768 militaris,
736 697 819 772 quod
842 715 912 755 cum
934 707 1020 774 patre

118 805 138 855 a
154 803 252 873 puero
272 795 304 854 in
324 797 509 856 exercitibus
529 798 631 856 fuerat
646 807 795 858 versatus.
841 801 951 876 Itaque
970 801 1020 859 hic
1057 815 1070 868 5

118 908 151 958 et
166 899 315 978 populum
331 901 482 961 urbanum
498 900 529 958 in
546 911 602 961 sua
614 901 713 960 tenuit
727 911 882 978 potestate
895 912 926 962 et
937 906 1020 981 apud

82 1002 288 1061 2exercitum
316 1003 480 1079 plurimum
508 1004 604 1063 valuit
633 1005 825 1064 aucteritate.
885 1008 1020 1065 Primum

118 1105 288 1182 imperator
311 1108 395 1182 apud
419 1107 533 1166 flumen
561 1109 725 1185 Strymona
753 1118 883 1186 magnas
913 1110 1019 1188 copias

119 1209 278 1268 Thracum
302 1209 429 1286 fugavit,
453 1211 601 1288 oppidum
623 1211 836 1288 Amphipolim
858 1213 1020 1272 censtituit

119 1319 221 1388 eoque
236 1312 344 1371 decern
359 1312 444 1371 milia
453 1314 690 1373 Atheniensium
706 1314 735 1373 in
752 1315 906 1375 coloniam
926 1317 1018 1376 misit.
1040 1340 1069 1375 10

116 1409 210 1475 ldem
226 1416 335 1475 iterum
351 1417 434 1493 apud
460 1418 606 1497 Mycalen
630 1419 812 1498 Cypriorum
835 1429 866 1478 et
891 1420 1019 1479 Phoeni-

119 1538 190 1579 cum
220 1520 422 1579 ducentarum
452 1521 574 1580 navium
601 1522 732 1581 classem
758 1523 912 1582 devictam
938 1524 1019 1600 cepit

82 1630 101 1679 3
119 1624 294 1700 eademque
309 1623 360 1682 die
375 1633 442 1701 pari
455 1625 579 1683 fortuna
594 1625 626 1683 in
641 1635 722 1685 terra
737 1636 811 1685 usus
826 1637 881 1686 est.
927 1630 1019 1687 Nam·

119 1745 181 1803 que
196 1726 332 1788 hostium
347 1726 479 1786 navibus
495 1737 593 1804 captis
608 1729 712 1787 statim
735 1749 773 1788 ex
792 1731 891 1789 classe
912 1731 1018 1808 copias

29 1848 33 1857 '
119 1839 193 1890 suas
209 1830 315 1890 eduxit
329 1830 591 1907 barbarorumque
607 1833 770 1891 maximam
784 1833 845 1892 vim
864 1842 926 1894 ane
948 1854 1018 1893 con·
1039 1843 1068 1896 Ι5

82 1941 101 1990 4
119 1943 212 1994 cursa
226 1933 401 2011 prostravit.
446 1934 516 2008 Qua
532 1935 660 1994 victoria
675 1945 787 2014 magna
804 1938 919 2014 praeda
943 1947 1017 2015 poti-

118 2048 170 2098 tus
192 2056 263 2096 cum
285 2038 412 2122 domum
433 2046 643 2111 reverteretur,
661 2041 745 2116 quod
767 2040 828 2098 iam
851 2042 1017 2100 nonnullae

119 2141 240 2201 insulae
257 2149 383 2218 propter
397 2141 597 2200 acerbitatem
613 2142 720 2219 imperi
736 2144 920 2217 defecerant,
937 2145 1017 2204 bene

119 2245 275 2304 animatas
297 2244 500 2316 confirmavit,
526 2245 676 2305 alienatas
699 2246 739 2305 ad
761 2247 893 2305 officium
919 2249 1017 2307 redire

82 2356 100 2406 5
118 2348 230 2426 coegit.
276 2349 411 2427 Scyrum,
429 2367 520 2424 quam
536 2356 573 2407 ee
589 2358 725 2426 tempore
750 2350 887 2427 Dolopes
908 2351 1018 2410 incole·
1037 2372 1067 2406 ao

118 2453 204 2525 bant,
232 2451 316 2528 quod
342 2451 555 2510 contumacius
585 2459 618 2510 se
642 2462 812 2529 gesserant,
836 2455 1016 2527 vacuefecit,

118 2562 259 2615 sesseres
274 2562 393 2614 veteres
409 2555 483 2613 urbe
499 2555 661 2632 insulaque
677 2556 774 2629 eiecit,
792 2565 882 2634 agros
899 2558 1017 2617 civibus

118 2658 233 2718 divisit.
276 2658 410 2717 Thasies
422 2658 581 2735 opulentia
592 2659 689 2718 fretos
702 2667 758 2719 suo
771 2660 905 2720 adventii
916 2661 1016 2738 fregit.

120 2764 182 2822 His
197 2781 236 2821 ex
250 2761 405 2820 manubiis
427 2780 480 2819 arx
495 2761 695 2835 Athenarum,
713 2771 774 2839 qua
797 2765 836 2823 ad
859 2765 1016 2824 meridiem

118 2865 225 2943 vergit,
242 2874 290 2924 est
305 2872 423 2924 emata.
1036 2881 1066 2933 25

162 3094 172 3129 1
193 3079 326 3144 custlldia,
340 3080 541 3144 vinculis-15
559 3079 663 3144 edfixit,
678 3083 841 3143 exposuit.-
853 3081 883 3131 16
899 3083 1018 3146 prostra-

118 3163 169 3229 vit,
180 3164 347 3229 fredit-22
366 3163 493 3226 eessbres,
507 3163 653 3210 incolas.-
663 3177 694 3228 23
712 3164 863 3229 opulentia,
882 3166 974 3226 opibus.
984 3191 1017 3200 -

100 3316 102 3320 .
118 3245 210 3313 fregit,
223 3247 352 3311 oppressit.
362 3273 395 3281 —
406 3259 418 3292 2
424 3257 436 3312 5
454 3245 554 3312 vergit,
567 3247 654 3294 tendit.
