2476 3712
191 231 208 280 4
487 232 702 280 MILTIADES.
736 247 760 298 3,
773 247 796 294 4.

192 416 262 456 cum
277 397 415 474 plerique
430 398 623 471 accederent,
642 398 804 458 Histiaeus
818 399 968 472 Milesius,
985 407 1023 458 ne
1038 408 1088 460 res

192 501 402 575 conficeretur,
429 500 559 573 obstitit,
586 502 693 560 dicens
722 509 785 561 nen
816 502 897 561 idem
924 502 1008 580 ipsis
1036 513 1089 579 qui

192 612 327 663 summas
353 604 461 682 imperi
486 611 636 677 tenerent,
661 605 805 682 expedire
832 614 863 681 et
889 605 1087 679 multitudini,

192 706 276 783 quod
293 709 387 774 Darei
401 714 496 786 regne
511 707 646 784 ipserum
661 716 807 768 niteretur
822 709 1007 768 dominatio:
1026 717 1089 786 qud

192 810 346 869 exstincte
378 810 464 890 ipses
496 819 651 890 potestate
687 793 832 888 exuulsas
867 812 987 871 civibus
1023 822 1088 872 suis
1129 828 1144 880 5

192 923 311 992 poenas
334 915 468 978 daturos.
514 918 624 994 ltaque
647 916 726 975 adea
744 923 778 974 se
797 915 959 974 abhorrere
975 923 993 974 a
1009 921 1089 975 cete-

193 1025 294 1077 rarum
320 1018 460 1092 censilie,
484 1027 517 1078 ut
542 1018 618 1077 nihil
644 1028 732 1095 putet
757 1017 833 1094 ipsis
862 1017 967 1076 utilius
995 1037 1088 1094 quam

158 1135 175 1184 6
192 1123 368 1182 ceniirmari
388 1131 515 1203 regnum
534 1109 705 1182 Persarum.
751 1121 854 1180 Huius
876 1140 945 1180 cum
968 1131 1089 1180 senten-

192 1224 265 1283 tiam
288 1225 410 1302 plurimi
431 1234 537 1286 essent
559 1233 665 1297 secuti,
684 1223 843 1284 Miltiades
861 1232 923 1283 non
942 1224 1088 1284 dubitans

192 1338 255 1387 tam
271 1329 374 1388 multis
390 1329 524 1389 cansciis
540 1328 580 1388 ad
595 1327 675 1404 regis
696 1334 785 1386 aures
803 1326 934 1386 censilia
951 1346 1007 1387 sua
1024 1345 1089 1404 per·
1111 1351 1142 1386 10

193 1441 328 1505 ventura,
354 1433 583 1493 Chersonesum
609 1430 731 1507 reliquit
755 1439 793 1490 ac
818 1440 922 1489 rursus
947 1431 1088 1490 Athenas

192 1535 382 1613 demigravit.
435 1535 531 1598 Citius
563 1534 642 1594 ratid
674 1542 733 1592 etsi
762 1541 823 1593 nen
854 1521 971 1607 valuit,
985 1543 1089 1592 tamen

192 1647 305 1715 magno
330 1657 423 1716 opere
449 1647 497 1699 est
522 1637 680 1696 laudanda
705 1655 775 1696 cum
802 1635 928 1696 amicior
953 1636 1089 1695 omnium

192 1742 326 1802 libertati
342 1760 434 1818 quam
449 1759 523 1802 suae
538 1740 632 1799 fuerit
646 1739 858 1799 dominationi.

153 1854 176 1912 4
234 1847 354 1904 Dareus
369 1853 481 1919 autem,
497 1863 567 1903 cum
582 1857 620 1902 ex
636 1846 759 1922 Europa
774 1843 805 1900 in
822 1843 929 1901 Asiam
947 1844 1087 1917 redisset,
1110 1867 1140 1919 15

191 1947 387 2008 hortantibus
409 1957 517 2009 amicis
539 1956 573 2006 ut
593 1945 755 2006 Graeciam
778 1946 931 2023 redigeret
951 1946 983 2004 in
1001 1966 1088 2005 suam

191 2060 387 2128 potestatem,
412 2051 544 2112 classem
578 2058 814 2126 quingentarum
850 2049 974 2108 navium
1010 2068 1089 2108 corn-

191 2154 311 2230 paravit
343 2164 433 2231 eique
467 2154 572 2214 Datim
608 2152 757 2228 praefecit
789 2161 820 2210 et
852 2153 1087 2228 Artaphernem,

192 2257 301 2334 hisque
317 2258 452 2316 ducenta
466 2256 614 2334 peditum,
626 2256 734 2314 decem
747 2254 884 2330 equitum
896 2255 979 2313 milia
992 2255 1086 2327 dedit,

192 2379 317 2420 causam
335 2359 521 2421 interserens
544 2367 577 2418 se
599 2359 721 2417 hostem
743 2376 812 2416 esse
834 2357 1086 2432 Atheniensibus,
1108 2385 1139 2420 20

192 2463 276 2540 quod
304 2471 410 2523 earum
442 2462 555 2522 auxilia
592 2464 686 2521 lanes
721 2461 826 2519 Sardis
858 2470 1089 2537 expugnassent

158 2580 175 2630 2
192 2585 309 2643 suaque
329 2565 485 2643 praesidia
501 2565 737 2624 interfecissent.
785 2562 834 2621 Illi
849 2564 998 2639 praefecti
1014 2564 1089 2641 regii

192 2670 292 2729 classe
308 2670 348 2728 ad
365 2669 523 2729 Euboeam
539 2668 668 2744 appulsa
684 2667 823 2725 celeriter
839 2665 987 2725 Eretriam
1003 2674 1089 2742 cepe

191 2782 263 2831 runt
283 2780 452 2849 omnesque
473 2771 539 2832 eius
556 2769 657 2847 gentis
673 2776 756 2828 cives
772 2770 917 2845 abreptas
934 2768 965 2827 in
981 2769 1088 2828 Asiam

192 2875 232 2934 ad
247 2883 348 2953 regem
366 2883 521 2935 miserunt.
568 2873 646 2932 Inde
669 2872 709 2931 ad
731 2871 867 2931 Atticam
890 2879 1088 2931 accesserunt
1107 2861 1137 2950 '25

236 3045 388 3110 1prerrque,
393 3045 579 3108 parma-4
592 3041 750 3106 nominatio,
760 3044 968 3103 imperem-7
981 3042 1087 3107 armus,

191 3128 290 3176 melius.
299 3155 333 3165 -
345 3139 374 3191 15
391 3127 516 3192 redisset,
536 3127 683 3173 revertisset.
692 3151 725 3160 -
737 3123 767 3172 16
785 3123 969 3189 hortantibus,
980 3127 1089 3173 suaden-

190 3211 265 3262 tibus.
273 3224 347 3258 -2o
359 3209 531 3274 intertexens,
542 3210 712 3269 interpanens.
720 3233 755 3242 —
764 3219 794 3253 22
807 3204 949 3273 praefecti,
962 3209 1042 3256 ducis.
