2564 3716
223 203 255 256 70
522 202 729 251 HANNIBAL.
765 215 786 268 5,
799 201 822 252 6.
909 219 911 226 .

223 379 324 445 ritori,
353 371 439 431 dedit
464 372 567 430 verba.
613 372 755 446 Namque
781 370 918 429 obducta
944 377 1036 428 nocte
1062 388 1123 428 sar·

223 483 328 533 menta
357 474 389 531 in
418 473 562 532 cornibus
592 473 790 532 iuvencorum
819 472 954 548 deligata
984 471 1122 531 incendit

223 576 352 653 eiusque
373 576 496 654 generis
519 575 747 634 multitudinem
771 583 914 651 magnam
938 574 1122 650 dispalatam

223 679 357 738 immisit.
403 680 474 753 Quo
492 687 654 755 repentino
671 678 794 737 obiecto
809 687 876 736 visu
891 686 1012 736 tantum
1029 684 1123 736 terri>

222 802 285 842 rem
308 783 413 842 iniecit
434 781 581 841 exercitui
606 784 816 841 Romanorum
839 790 873 840 ut
904 780 1009 857 egredi
1034 789 1134 839 extra·
1158 796 1173 849 5

188 886 336 950 :ivellum
359 893 450 945 nemo
477 885 517 944 sit
543 904 647 944 ausus.
701 886 795 942 Hanc
818 894 890 960 post
914 902 978 943 rem
1001 891 1121 960 gestam

223 989 343 1048 nonita
363 989 466 1048 multis
489 988 598 1047 diebus
622 989 666 1047 M.
685 987 856 1047 Minucium
881 987 1005 1059 Rufum,
1029 985 1121 1063 magi-

222 1101 318 1151 strum
334 1092 471 1168 equitum
487 1100 552 1168 pari
567 1101 604 1150 ric
620 1091 800 1151 dictatorem
816 1089 953 1166 imperio,
967 1089 1039 1149 dolo
1054 1097 1122 1166 pro

222 1196 349 1255 ductum
361 1195 392 1252 in
404 1194 553 1271 proelium
565 1193 692 1271 fugavit.
736 1193 895 1252 Tiberium
906 1192 1121 1268 Sempronium

222 1299 405 1371 Gracchum,
423 1298 531 1358 iterum
554 1297 723 1377 consulem,
742 1297 775 1355 in
796 1300 929 1356 Lucanis
952 1297 1066 1355 absens
1088 1295 1120 1354 in
1141 1317 1173 1354 10

223 1401 351 1460 insidias
374 1401 534 1460 inductum
557 1400 690 1460 sustulit.
736 1401 779 1460 M.
804 1399 968 1460 Claudium
991 1399 1120 1458 Marcel-

222 1504 294 1577 lum,
308 1504 472 1581 quinquies
485 1503 652 1576 consulem,
667 1504 749 1581 apud
761 1504 930 1564 Venusiam
945 1513 1011 1581 pari
1026 1503 1120 1562 modo

95 1673 99 1678 .
188 1607 384 1666 4interfecit.
433 1609 574 1684 Longum
597 1616 645 1665 est
666 1606 771 1665 omnia
792 1614 971 1667 enumerare
993 1605 1118 1683 proelia.

223 1711 326 1784 Quare
345 1711 404 1769 hoc
422 1719 516 1768 imum
535 1709 610 1768 satis
629 1709 687 1768 erit
704 1709 830 1783 dictum,
847 1730 885 1770 ex
903 1718 964 1788 quir
983 1709 1120 1786 intellegi

222 1816 322 1892 possit
336 1825 470 1893 quantus
493 1816 544 1875 ille
564 1815 674 1876 fuerit:
708 1815 856 1893 quamdiu
879 1814 911 1874 in
937 1807 1026 1874 Italia
1050 1813 1117 1886 fuit,
1140 1835 1171 1887 ¹5

223 1925 313 1978 nemo
336 1929 364 1978 ei
387 1919 418 1976 in
441 1919 507 1978 acie
529 1918 650 1992 restitit,
673 1926 763 1979 nemo
786 1919 933 1977 adversus
956 1936 1025 1976 eum
1048 1925 1120 1992 post

223 2023 420 2081 Cannensem
436 2032 570 2099 pirgnam
586 2021 616 2078 in
633 2029 742 2098 campo
758 2030 858 2081 castra
874 2019 985 2097 posuit.

186 2132 209 2191 6
265 2125 350 2183 Hinc
365 2125 498 2184 invictus
511 2125 640 2201 patriam
654 2125 815 2183 defensum
827 2131 990 2183 revocatus
1004 2122 1119 2181 bellum

221 2217 326 2304 gessit
337 2229 485 2288 adversus
502 2231 534 2287 P.
555 2227 741 2303 Scipionem,
757 2226 857 2285 filium
877 2225 943 2285 eius
964 2224 1119 2301 Scipionis

222 2351 313 2406 quem
343 2331 409 2408 ipse
438 2339 536 2407 primo
566 2331 649 2406 apud
676 2330 872 2402 Rhodanum,
898 2329 1007 2388 iterum
1037 2328 1119 2405 apud
1138 2350 1171 2385 ιο
1271 2415 1272 2418 ¹

187 2435 350 2506 2Padum,
375 2434 467 2495 tertio
493 2434 576 2510 apud
601 2433 746 2493 Trebiam
771 2433 900 2509 fugarat.
955 2434 1034 2491 Cum
1059 2431 1119 2490 hoc

221 2538 381 2597 exhaustis
405 2537 465 2596 iam
489 2536 608 2614 patriae
629 2536 830 2595 facultatibus
854 2519 969 2612 cupivit
993 2533 1120 2611 imprae-

222 2641 389 2700 sentiarum
409 2641 524 2700 bellum
545 2648 739 2717 componere,
758 2647 820 2715 quo
840 2638 991 2698 valentior
1010 2645 1120 2715 posteri

221 2745 467 2821 congrederetur.
520 2745 558 2801 In
576 2742 775 2819 conloquium
799 2741 963 2801 convenit:
987 2739 1120 2800 condici-

187 2856 298 2910 3ones
327 2855 390 2907 non
421 2854 638 2906 convenerunt.
702 2849 777 2905 Post
805 2844 837 2904 id
865 2845 983 2904 factum
1012 2851 1119 2920 paucis
1138 2862 1171 2916 25

221 2951 332 3010 diebus
354 2951 436 3028 apud
459 2953 582 3009 Zamam
605 2969 672 3008 cum
697 2949 807 3009 eodem
830 2947 985 3020 conflixit;
1012 2947 1126 3024 pulsus·

264 3116 278 3168 5
302 3104 402 3168 egredi,
421 3102 562 3152 exire-8
587 3103 657 3166 pari,
677 3102 851 3165 eidem-13
875 3102 1039 3165 inumerire,
1058 3115 1121 3148 com-

220 3193 450 3235 memorare-22
469 3185 660 3251 iacultitibus,
679 3187 774 3247 capiim-
808 3183 1071 3249 impraemunitum,
1090 3183 1119 3230 in
1140 3253 1142 3256 Ι

224 3273 380 3333 praesentiri.
